2352 3254
916 162 1237 217 ——ss

264 319 431 357 maneat
455 309 586 356 idem,
624 302 697 344 sed
726 300 838 343 aliud
875 301 972 353 fiat,
1008 324 1074 332 —
1106 302 1148 341 in
1181 298 1256 340 illa
1285 298 1465 354 plurium
1490 297 1740 354 qualitatum
1766 298 1809 339 in
1829 311 1916 340 una
1934 312 1980 340 re
2005 295 2188 353 comple-

261 383 392 424 xione
414 385 575 417 veteres
599 370 876 426 philosophos
896 371 1036 410 minus
1065 368 1295 414 offendisse
1313 367 1527 417 videmus,
1566 381 1689 421 quam
1711 367 1756 406 in
1778 380 1919 408 rerum
1946 366 2190 409 mutationi-

264 447 357 488 bus.
426 442 522 484 Hoc
544 441 653 481 enim
677 438 918 478 mutationis
938 434 1159 490 problema
1190 437 1350 490 primos
1373 433 1635 475 Graecorum
1657 432 1936 488 philosophos
1973 435 2026 476 ad
2047 446 2191 477 rerum

267 513 477 555 elementa
500 506 739 564 quaerenda
767 505 1024 554 incitavisse,
1064 504 1264 543 universa
1283 501 1550 557 placitorum,
1588 516 1697 557 quae
1718 510 2044 556 proposuerunt,
2080 503 2192 543 ratio

268 579 473 625 ostendit3
512 586 552 616 et
584 583 805 630 postquam
841 572 1112 626 quaestiones
1141 570 1210 612 hic
1239 570 1424 612 latentes
1457 570 1510 611 ad
1542 574 1754 612 notionum
1782 583 1901 611 mera
1931 570 2196 626 cogitatione

267 655 557 704 perceptarum
582 642 915 696 disquisitionem
936 640 1131 680 revocari
1149 646 1402 695 coeperunt,
1436 640 1497 679 uti
1517 637 1781 679 Parmenidis
1817 646 1859 679 et
1882 635 2094 680 Heracliti
2120 651 2198 694 op-

268 716 431 771 positas
464 711 692 752 sententias
720 709 816 749 inde
848 708 1010 748 exoriri
1041 707 1255 758 videmus,
1291 708 1353 748 ita
1374 705 1566 748 Platonis
1586 707 1725 748 studia
1748 719 1826 761 pro
1858 707 2054 748 maxima
2075 714 2198 761 parte

269 785 313 824 in
337 796 386 823 eo
410 782 541 836 posita
569 784 708 825 erant,
745 784 791 816 ut
820 775 1031 830 quomodo
1063 790 1202 816 rerum
1235 776 1412 816 mutatio
1443 775 1622 830 cogitari
1652 783 1693 815 et
1721 788 1813 815 cum
1845 775 1961 826 eius,
1993 773 2103 829 quod
2128 787 2199 814 re-

272 865 375 891 vera
412 854 513 896 esi,
550 841 778 884 stabilitate
804 842 1022 884 conciliari
1049 845 1211 898 possit,
1251 842 1507 884 enuclearet.
1581 841 1752 882 Interna
1780 843 1890 883 enim
1920 842 2202 897 repugnantia

273 916 467 958 laborare
490 914 701 952 notionem
726 912 831 962 eius,
870 912 997 966 quod,
1037 925 1131 951 cum
1155 925 1243 951 ess-e
1263 911 1438 961 dicatur,
1477 919 1619 951 tamen
1643 922 1728 949 non
1749 918 1916 950 maneat
1937 908 2035 958 tale,
2073 907 2200 964 quale

275 991 359 1033 est,
398 981 471 1022 sed
494 994 538 1020 se
557 981 693 1033 ipsum
716 980 836 1033 quasi
861 979 1071 1033 aufugiat,
1106 976 1228 1018 Plato
1250 979 1283 1018 si
1307 992 1390 1018 non
1412 977 1463 1017 de
1486 977 1690 1018 industria
1713 978 1914 1031 exponit,
1951 986 1993 1017 at
2014 975 2203 1018 luculen-

275 1062 337 1092 ter
359 1059 497 1089 tamen
523 1047 737 1099 indicam.
808 1044 866 1086 Ut
893 1047 1021 1101 igitur
1055 1047 1236 1100 eriperet
1265 1046 1332 1096 id,
1369 1044 1479 1100 quod
1503 1052 1586 1096 esc,
1627 1041 1677 1086 τὸ
1699 1039 1828 1093 ὄντως
1849 1040 1920 1096 ὅν,
1959 1059 2015 1085 ex
2039 1044 2120 1087 hac
2142 1045 2213 1085 in-

283 1118 545 1166 constantia,
593 1114 645 1154 ad
684 1113 801 1153 ideas
836 1114 1042 1169 confugi13
1088 1112 1262 1168 quibus,
1310 1127 1557 1168 quocunque
1593 1112 1718 1153 modo
1758 1113 2071 1167 interpreteris,
2123 1112 2206 1153 hoc

280 1194 392 1228 certe
423 1186 556 1232 inest,
592 1191 636 1222 ut
665 1190 862 1236 tanquam
885 1183 950 1235 id,
987 1181 1098 1235 quod
1130 1196 1277 1222 revera
1304 1190 1389 1232 est,
1429 1195 1504 1235 per
1534 1193 1580 1220 se
1605 1188 1820 1234 spectatae
1846 1179 1898 1220 ab
1923 1182 2038 1221 omni
2067 1188 2205 1222 muta-

276 1256 390 1296 tione
436 1249 627 1291 seclusae
674 1252 770 1290 sint.
864 1248 930 1289 Ita
970 1249 1088 1289 ideas
1138 1251 1245 1289 inter
1284 1257 1325 1288 et
1364 1262 1432 1287 res
1475 1246 1788 1301 adspectabiles
1832 1246 2102 1289 intervallum
2142 1249 2207 1288 in-

277 1321 526 1373 terpositum
557 1323 668 1363 erat,
701 1330 781 1369 quo
803 1330 952 1356 cavere
976 1315 1108 1356 voluit
1129 1315 1273 1363 Plato,
1311 1329 1363 1355 ne
1395 1313 1472 1354 illa
1497 1318 1590 1369 ipsa
1617 1313 1821 1366 realitas,
1862 1329 1987 1370 quam
2021 1329 2089 1356 res
2111 1329 2208 1356 sen-

279 1386 427 1429 sibiles
471 1398 605 1438 neque
643 1397 814 1436 prorsus
858 1384 1109 1435 detrectare,
1164 1397 1300 1437 neque
1339 1383 1450 1424 ferre
1497 1396 1626 1437 posse
1663 1381 1936 1435 videbantur,
1993 1384 2036 1423 in
2076 1391 2212 1424 muta-

279 1456 408 1497 tionis
450 1451 570 1507 quasi
612 1451 822 1506 gurgitem
862 1451 1079 1492 incideret.
1157 1449 1307 1505 Neque
1351 1459 1493 1491 tamen
1532 1451 1803 1506 acquiescere
1835 1451 1972 1505 potuit
2006 1448 2128 1492 Plato
2164 1451 2210 1491 in

282 1522 364 1563 hac
404 1519 572 1561 seclusa
601 1520 810 1572 positione
841 1519 1057 1569 idearum,
1097 1518 1146 1560 ad
1180 1533 1283 1574 quas
1318 1526 1433 1559 recte
1461 1519 1761 1573 concipiendas
1793 1533 1898 1572 pura
1931 1519 2212 1575 cogitatione,

285 1604 309 1631 a
350 1601 550 1629 sensuum
597 1587 847 1627 commercio
897 1594 1082 1636 remota,
1155 1600 1259 1641 opus
1308 1599 1403 1626 esse
1445 1586 1596 1626 iterum
1648 1586 1880 1640 iterumque
1927 1595 2089 1633 monet3
2152 1587 2214 1627 ita

284 1658 395 1699 enim
418 1651 467 1697 τὸ
490 1655 595 1694 Esse
620 1663 660 1694 et
691 1652 927 1694 Non-esse
965 1656 1190 1695 coniuncta
1222 1662 1262 1694 et
1296 1655 1538 1695 consociata
1568 1661 1664 1694 sunt
1701 1655 1743 1694 in
1774 1667 1912 1694 rerum
1951 1663 2127 1706 natura,
2169 1661 2215 1693 ut

283 1738 353 1766 res
373 1720 614 1771 sensibiles,
654 1722 736 1761 nisi
759 1721 946 1761 idearum
971 1727 1209 1777 participes
1231 1729 1396 1770 essent,
1428 1736 1480 1761 ne
1512 1722 1698 1777 speciem
1731 1721 1901 1775 quidem
1934 1723 2053 1771 eius,
2103 1721 2215 1777 quod

284 1799 409 1842 sunt,
440 1803 540 1844 prae
574 1802 619 1828 se
641 1789 752 1830 ferre
782 1802 908 1842 posse
941 1791 1175 1830 videantur.
1233 1789 1323 1829 Iam
1354 1803 1453 1829 vero
1476 1791 1512 1829 si
1534 1788 1709 1844 μέθεξις
1732 1788 1807 1829 illa
1828 1788 2001 1831 Platoni
2024 1789 2218 1830 concedi·

286 1870 373 1909 tur,
428 1859 521 1912 ipse
567 1864 707 1896 autem
748 1870 841 1896 eam
889 1855 971 1897 sibi
1011 1857 1239 1907 concessit,
1296 1857 1535 1911 ponendum
1584 1857 1710 1897 etiam
1742 1864 1805 1897 est
1850 1855 2006 1913 aliquid
2050 1866 2218 1912 praeter

285 1928 426 1976 ideas,
465 1923 576 1979 quod
594 1937 735 1964 earum
756 1925 967 1979 particeps
988 1924 1080 1965 fieri
1106 1925 1264 1979 possit3
1299 1927 1414 1979 atqui
1444 1923 1573 1976 nihil,
1612 1924 1723 1980 quod
1749 1939 1899 1965 revera
1929 1926 2006 1975 sit,
2050 1932 2220 1980 praeter

286 1995 406 2036 ideas
424 1993 524 2048 poni
545 1998 705 2044 potest3
738 1993 877 2046 itaque
899 1992 1121 2033 Platonem
1152 1991 1411 2032 dubitantem
1435 1993 1588 2046 magis,
1618 2006 1741 2045 quam
1762 1992 1964 2034 audacem
1990 1994 2219 2049 confugere

288 2063 480 2105 videmus
515 2059 567 2099 ad
589 2057 845 2099 substratum
869 2058 1041 2115 aliquod
1069 2073 1153 2099 non
1174 2058 1379 2114 peculiari
1403 2058 1544 2114 aliqua
1568 2058 1763 2114 qualitate
1785 2059 2099 2115 definiendum,
2133 2074 2222 2100 me-

290 2131 405 2172 dium
426 2128 544 2184 quasi
563 2128 671 2168 inter
691 2126 759 2177 id,
796 2128 907 2182 quod
936 2136 1014 2181 est,
1044 2136 1084 2169 et
1105 2127 1164 2179 id,
1195 2127 1307 2183 quod
1333 2141 1415 2168 non
1444 2136 1528 2177 est,
1566 2128 1624 2168 ita
1651 2136 1795 2169 tamen
1828 2136 2144 2183 comparatum,
2173 2135 2221 2168 ut

427 2358 456 2397 ⁴)
483 2353 638 2387 Praeter
664 2354 787 2387 locum
814 2353 961 2386 Timaei
992 2353 1039 2397 (p.
1065 2352 1276 2387 ‹tab-50.
1307 2354 1354 2389 a.)
1383 2349 1454 2385 huc
1478 2353 1671 2396 pertinent
1697 2353 1920 2397 praecipue,
1947 2361 2042 2397 quae
2065 2351 2158 2397 Rep.
2177 2352 2226 2393 V,

294 2423 331 2456 1⁸»-
360 2412 436 2444 524.
464 2411 496 2443 d.
524 2422 555 2444 e.
585 2412 848 2443 inveniuntur:
887 2411 930 2442 τὰ
956 2412 1018 2453 μὲν
1043 2408 1280 2454 παρακλητικὰ
1303 2411 1363 2451 τῆς
1387 2410 1539 2445 διανοίας
1569 2410 1636 2450 ἐςί,
1661 2407 1702 2442 τὰ
1729 2408 1764 2441 ‹5’
1792 2407 1852 2450 οὔ,
1884 2407 1907 2443 ἃ
1927 2413 1990 2454 μὲν
2015 2412 2060 2446 εἷς
2083 2407 2143 2452 τὴν
2171 2403 2238 2442 αἴ-Τ

297 2471 423 2510 σθησιν
458 2467 528 2511 ἅμα
562 2471 634 2504 ’τοῖς
666 2469 828 2503 ἐναντίοις
861 2467 994 2502 ἑαυτοῖς
1016 2468 1195 2510 ἐμπίπτῃ,
1224 2464 1460 2510 παρακλητικὰ
1484 2464 1700 2510 ὁριζόμενος,
1734 2466 1798 2499 ὅσα
1824 2467 1859 2499 δὲ
1885 2466 1954 2510 μή,
1984 2462 2043 2500 οὔκ
2069 2465 2222 2510 ἓγερτικά

294 2524 352 2567 ’τῆς
385 2523 522 2565 νοήσεως
552 2544 561 2554 .
587 2544 596 2555 .
622 2547 628 2554 .
663 2524 691 2554 εἷ
720 2521 774 2556 ἀεί
802 2536 832 2555 τι
866 2523 957 2566 αὐτῷ
980 2522 1050 2567 ἅμα
1077 2521 1200 2567 (ipsam
1234 2524 1443 2567 ἐναντίωμα,
1470 2521 1529 2559 ὥςε
1561 2522 1664 2565 μηδὲν
1688 2523 1820 2566 μᾶλλον
1846 2524 1877 2556 ἵν
1902 2521 1923 2566 ἢ
1949 2525 2002 2555 καὶ
2026 2518 2224 2554 τοῦιίιντιόν

299 2582 501 2624 ([ἰιιίῑί-οθαι,
536 2578 597 2611 τοῦ
628 2580 880 2622 ἐπικρινοῦντος
913 2579 953 2622 δὴ
984 2581 1052 2612 δέοι
1087 2579 1127 2613 liv
1153 2578 1216 2622 ἤδη
1243 2581 1299 2612 καὶ
1329 2575 1629 2622 ἀναγκάζοιτ’
1662 2578 1703 2611 ι’ἰν
1728 2581 1761 2612 ἓν
1791 2578 1884 2622 (ιῦιῷ
1909 2579 1998 2622 ψυχὴ
2034 2577 2227 2622 ἀπορεῖν

261 2681 265 2686 ,
297 2638 351 2668 καὶ
381 2635 488 2676 ’ζητεῖν
511 2647 537 2665 κ.
562 2648 592 2667 τ.
619 2637 646 2667 λ.
675 2635 781 2676 ideo,
814 2636 987 2681 quoniam
1013 2637 1052 2670 in
1078 2635 1146 2670 hac
1171 2636 1252 2681 ipsa
1278 2637 1528 2680 repugnantia
1552 2634 1817 2671 incitamentum
1842 2635 2034 2679 cogitandi
2057 2639 2094 2668 et
2115 2643 2227 2678 quae·

295 2691 402 2725 rendi
427 2691 547 2724 inesse
575 2689 711 2726 dicunt.
