2352 3254
731 193 1364 248 ——13—

87 341 199 382 enim
224 337 427 386 indicari,
463 350 518 377 ex
542 335 754 376 communi
775 335 892 375 fonte
915 335 953 374 ei
975 334 1187 389 procreari
1210 332 1320 374 hanc
1350 333 1628 374 differentiam
1653 348 1735 375 non
1760 334 2011 388 absolutam,

86 409 161 450 sed
184 407 406 448 relativam
430 419 477 445 ac
499 413 671 458 propter
690 404 730 444 id
757 404 895 457 ipsum
921 403 1210 453 verissimam,
1248 404 1286 442 ei
1308 403 1397 442 iure
1418 402 1663 455 responderi
1682 418 1810 457 posse
1831 407 2009 458 videtur,

83 474 353 518 Aristotelem
378 482 489 513 certe
512 486 645 526 neque
674 471 784 512 hunc
803 485 1070 512 communem
1101 472 1258 511 fontem
1293 470 1514 525 perspicua
1547 477 1587 509 et
1617 469 1733 512 clara
1763 473 2008 516 definitione

85 557 265 599 usquam
286 543 499 591 indicare,
523 547 564 580 et
585 554 676 580 eum
701 541 870 580 omnino
903 540 1121 594 oppositas
1149 536 1225 591 τῆς
1246 533 1347 590 ὕλης
1372 548 1412 579 et
1439 538 1517 580 τοῦ
1543 538 1701 590 εἴδους,
1738 542 1814 584 τοῦ
1833 540 2008 598 δυνάμει

83 609 207 662 ὄντος
220 619 261 652 et
277 609 352 653 τοῦ
373 610 560 665 ἐνεργείᾳ
577 603 701 656 ὄντος
721 608 915 648 notiones
938 622 986 648 ea
1001 609 1095 660 ipsa
1109 606 1160 646 de
1183 621 1308 647 causa
1323 608 1363 646 in
1378 605 1687 661 philosophiam
1702 609 2006 663 introduxisse,

83 689 128 721 ut
148 695 206 721 ex
225 681 276 720 iis
300 686 497 732 tanquam
518 680 717 730 oppositis
751 684 792 716 et
815 676 993 717 diversis
1013 685 1186 715 naturae
1208 675 1503 729 phaenomena
1527 674 1784 729 explicaret3
1822 694 1945 731 quare
1968 681 2004 720 si

25 794 32 799 χ
82 747 234 789 harum
255 750 466 788 notionum
487 743 596 784 fines
615 745 724 784 inter
744 758 790 784 se
813 745 1084 794 commiscet,
1119 743 1162 783 id
1196 757 1278 783 non
1312 752 1397 783 tam
1421 745 1649 795 acuminis,
1683 759 1807 799 quam
1832 746 2005 788 difficul-

82 826 215 858 tatum
237 815 359 856 tacite
387 827 482 854 eum
506 813 782 867 prementium
816 813 978 867 signum
1002 826 1094 852 esse
1119 811 1293 851 videtur.
1335 810 1505 852 Scilicet
1536 807 1584 854 τὸ
1609 812 1786 869 δυνάμει
1814 810 1865 858 ὅν
1891 824 1932 855 et
1953 812 2003 858 τὸ

80 886 268 941 ἐνεργείᾳ
287 878 349 934 ὅν,
381 891 585 937 quatenus
607 885 774 922 notione
797 881 1035 934 percipitur,
1070 880 1181 920 idem
1203 894 1320 931 esse,
1351 893 1555 934 nusquam
1581 880 1691 929 dicit,
1718 882 1790 922 scd
1814 884 1854 923 in
1876 883 2001 924 rebus

81 952 423 994 observationiet
439 949 732 1004 experientiae
752 947 950 990 subiectis
972 948 1242 990 coniunctum
1260 962 1355 988 esse
1368 948 1595 999 contendit,
1611 957 1650 989 et
1672 950 1729 989 ita
1751 951 1934 1005 quidem,
1957 960 2003 992 ut

82 1020 188 1062 haec
207 1020 444 1061 coniunctio
464 1031 538 1071 per
555 1018 831 1058 mutationem
846 1048 856 1067 ‚
893 1032 996 1072 quas
1018 1031 1086 1058 res
1110 1015 1320 1057 naturales
1349 1017 1598 1068 ostendunt,
1633 1019 1784 1058 seriem
1808 1033 1853 1059 se
1880 1019 2000 1060 evol-

83 1099 251 1131 ventem
271 1092 623 1143 repraesentetur.
691 1085 814 1126 Licet
836 1086 984 1140 igitur,
1021 1086 1116 1139 quid
1139 1083 1220 1124 sibi
1252 1083 1454 1135 voluerit,
1488 1087 1547 1125 ita
1570 1086 1736 1126 demum
1773 1089 1910 1142 possit
1939 1089 2003 1128 in-

81 1157 244 1213 telligi,
273 1165 319 1196 ut
347 1153 396 1198 τὸ
422 1150 600 1208 δυνάμει
612 1147 662 1195 ὅν
690 1162 729 1194 et
742 1154 789 1195 τὸ
809 1153 1036 1210 ἐντελεχείᾳ
1058 1148 1133 1203 ὅν,
1170 1162 1378 1206 quatenus
1399 1152 1450 1192 ab
1477 1154 1690 1207 utriusque
1712 1157 2005 1196 coniunctione

81 1239 152 1266 res
184 1222 383 1279 singulae
418 1231 686 1276 repetuntur,
725 1222 847 1261 unius
880 1225 1115 1263 inlue'le'om‘s
1148 1219 1295 1260 obtutu
1325 1221 1384 1261 ita
1413 1219 1766 1275 complectamur,
1803 1233 1846 1264 ut
1877 1223 2004 1264 simul

81 1294 387 1342 mutationum,
418 1304 521 1345 quas
543 1290 650 1330 istae
668 1303 737 1329 res
759 1297 1019 1343 percurrunt,
1059 1291 1209 1329 seriem
1233 1290 1274 1329 in
1296 1287 1404 1329 hanc
1426 1290 1689 1330 intuitionem
1722 1291 2003 1341 involvamus,

79 1361 188 1403 haec
207 1363 301 1416 ipsa
323 1370 465 1400 tamen
486 1358 734 1409 necessitas,
769 1371 838 1397 res
864 1373 919 1398 ex
941 1356 1182 1398 Aristotelis
1206 1358 1415 1397 sententia
1447 1357 1528 1398 1100
1550 1359 1676 1398 modo
1699 1361 1908 1412 intuendi,
1934 1362 2004 1401 vix

83 1428 199 1471 aliud
217 1429 314 1484 quid
338 1428 481 1475 docet,
518 1427 598 1466 nisi
617 1424 720 1477 hoc,
755 1424 977 1480 problema
1000 1427 1042 1466 in
1066 1424 1145 1467 hac
1170 1427 1444 1466 mutationum
1471 1427 1581 1466 serie
1601 1424 1739 1467 latens
1758 1426 2005 1469 Aristotelis

80 1499 358 1553 sagacitatem
389 1503 552 1536 tantum
582 1508 667 1534 non
703 1508 878 1549 prorsus
907 1495 1123 1549 effugisse.
1189 1493 1372 1535 Minime
1404 1495 1755 1535 contemnendum
1787 1495 1910 1536 huius
1938 1498 2003 1538 rei

82 1567 283 1608 indicium
327 1562 396 1604 vel
427 1566 469 1604 in
503 1577 552 1602 eo
584 1561 712 1614 latet,
758 1563 892 1617 quod,
940 1577 1032 1603 cum
1067 1562 1184 1603 Plato
1213 1563 1466 1617 quaesiverit
1501 1558 1548 1605 τὸ
1572 1558 1706 1612 ὅντως
1725 1559 1796 1615 ὅν,
1829 1561 1877 1607 τὸ
1900 1563 2004 1607 αὐτὸ

82 1633 196 1678 καθ’
233 1633 361 1676 ἑαυτὸ
388 1632 603 1685 μονοέιδὲς
642 1625 715 1683 ὃν,
756 1629 1014 1671 Aristoteles
1045 1630 1111 1681 id,
1163 1631 1272 1685 quod
1313 1637 1401 1684 est,
1439 1629 1652 1685 significat
1683 1645 1759 1685 per
1785 1634 2001 1674 notionem

81 1701 158 1746 τοῦ
188 1699 373 1758 ἐνεργείᾳ
409 1695 546 1749 ὄντος.
587 1696 712 1739 Actio
745 1700 922 1754 pertinet
944 1699 996 1738 ad
1022 1699 1313 1746 mutationem3
1348 1700 1488 1753 itaque
1514 1713 1607 1740 cum
1628 1700 1744 1751 eius,
1781 1702 1891 1756 quod
1913 1716 2003 1743 esse

85 1772 213 1823 dicit,
255 1770 417 1810 notioni
456 1767 634 1809 actionis
667 1777 808 1808 notam
844 1777 1043 1822 tanquam
1080 1768 1324 1821 primariam
1353 1765 1528 1819 tribuat,
1571 1765 1651 1808 hoc
1684 1768 1845 1822 ipsum,
1896 1769 2005 1824 quod

83 1854 178 1881 esse
213 1839 335 1889 dicit,
382 1838 425 1876 in
459 1835 730 1877 mutationem
762 1837 947 1877 incidere
983 1850 1132 1890 passus
1168 1845 1245 1875 est.
1315 1833 1410 1882 Qua
1433 1835 1484 1875 de
1505 1849 1631 1876 causa
1653 1837 1825 1877 minime
1850 1839 2004 1878 miran-

82 1908 204 1956 dum,
255 1907 386 1947 immo
419 1918 542 1960 quam
578 1905 768 1944 maxime
803 1913 1133 1944 consentaneum
1175 1912 1264 1957 est,
1317 1902 1369 1943 ad
1399 1901 1641 1944 Aristotelis
1681 1904 2003 1946 admirationem

81 1990 250 2031 semper
284 1987 359 2015 eos
382 1985 625 2013 reversuros
648 1986 766 2024 esse,
794 1973 864 2027 qui
886 1973 1024 2026 ipsam
1045 1972 1318 2012 mutationem
1348 1971 1393 2011 id
1411 1985 1505 2012 esse
1529 1982 1772 2025 autument,
1810 1974 1919 2029 quod
1940 1989 2005 2015 re-

79 2058 183 2087 vera
201 2058 291 2086 esse
312 2041 535 2083 dicendum
562 2040 679 2094 siff).

215 2130 320 2182 His,
351 2144 459 2185 quae
487 2128 539 2169 de
564 2127 779 2183 principiis
802 2126 1044 2168 Aristotelis
1070 2128 1112 2168 in
1136 2127 1377 2168 universum
1403 2125 1544 2168 valent
1567 2135 1608 2168 et
1628 2127 1778 2184 quibus
1797 2143 1869 2180 ea,
1899 2145 2005 2185 quae

81 2201 133 2243 de
157 2201 296 2241 anima
324 2199 481 2249 statuit,
503 2195 619 2239 facili
640 2211 770 2251 opera
794 2194 984 2236 subsumi
1007 2204 1200 2250 possunt,
1239 2209 1321 2236 non
1345 2194 1494 2236 inutile
1518 2197 1595 2237 erit
1615 2197 1769 2237 addere
1783 2197 2005 2252 quaedam,

82 2283 189 2325 quae
211 2277 251 2309 et
269 2268 321 2308 de
340 2266 545 2308 relatione
567 2267 734 2305 animae
763 2264 815 2304 ad
837 2278 1011 2318 corpus,
1043 2274 1083 2306 et
1113 2265 1164 2305 de
1187 2264 1278 2304 eius
1312 2262 1380 2304 vel
1413 2263 1600 2318 partibus
1639 2264 1705 2305 rel
1738 2265 2007 2308 facultatibus

80 2337 243 2379 moneri
277 2344 471 2390 possunt.
539 2333 603 2376 Ac
644 2335 826 2389 primum
864 2332 1059 2388 quidem,
1112 2342 1155 2373 ut
1191 2331 1475 2374 concedamus
1505 2331 1791 2374 definitionem
1825 2335 2006 2384 animae,

81 2406 263 2446 animam
295 2414 436 2444 tamen
457 2404 514 2444 ita
546 2402 740 2443 videmus
774 2415 868 2443 cum
904 2415 1079 2456 corpore
1115 2401 1382 2441 coniunctam
1409 2414 1458 2441 ac
1488 2415 1624 2454 paene
1659 2401 2006 2457 conglutinatam,

76 2483 145 2523 ut,
181 2472 387 2529 siquidem
411 2472 624 2512 notionem
647 2473 814 2511 animae.
834 2471 974 2511 stricte
998 2478 1140 2510 tenere
1163 2467 1445 2518 voluerimus,
1479 2467 1870 2523 phaenomenorum
1894 2473 2004 2512 vitae

207 2642 239 2683 ²⁶)
276 2640 478 2674 Provocari
511 2640 625 2672 etiam
651 2644 777 2684 potest
809 2640 854 2673 ad
880 2639 1137 2673 definitionem
1165 2639 1227 2680 τῆς
1251 2633 1472 2679 ἄλλοιώσεως,
1510 2649 1582 2683 qua
1607 2639 1721 2684 Phys.
1753 2640 1820 2673 111,
1851 2650 1882 2673 c.
1911 2640 1944 2673 3.
1971 2651 2001 2672 s.

76 2699 138 2731 fin.
163 2708 342 2731 summam
367 2707 509 2737 eorum,
534 2707 629 2740 quae
654 2697 699 2731 de
721 2697 848 2740 κινήσει
871 2697 1142 2740 disputaverat,
1165 2695 1458 2739 comprehendit.
1503 2697 1652 2730 Etenim
1678 2698 1821 2731 dicere:
1852 2694 2000 2730 (ἰλλοίω-

71 2756 122 2792 σΙς
150 2753 243 2797 ἰςιὴ
273 2755 335 2787 τοῦ
366 2753 599 2791 ἀλλοιωτοῦ,
642 2751 664 2798 ᾗ
698 2752 969 2795 ἀλλοιωτὸν,
1001 2755 1198 2795 ἐνιελέχεια,
1226 2751 1323 2786 nihil
1357 2752 1460 2787 aliud
1485 2758 1561 2794 est,
1605 2766 1715 2800 quam
1759 2755 2005 2788 mutationem

69 2812 258 2856 explicare
283 2821 348 2856 pcr
371 2830 411 2838 —
443 2812 702 2847 mutationem.
