2352 3254
1074 160 1121 214 5

125 303 333 346 videatur.
410 296 534 347 Quod
559 307 603 339 ut
632 296 732 350 fiat,
768 298 870 339 utile
904 299 1072 354 quidem
1112 310 1248 351 esset,
1296 300 1467 358 singula
1505 318 1719 361 quaeque,
1769 322 1878 363 quae
1905 308 2070 352 Aristo,

125 370 234 412 teles
275 371 326 409 de
356 367 665 422 phaenomenis
703 366 922 422 psychicis
946 367 1106 416 (locunt,
1140 370 1416 419 examinare,
1477 376 1722 415 necessaria
1763 386 1904 419 tamen
1945 377 2070 420 huius

125 437 435 480 dissertationis
457 433 641 476 brevitas
663 434 799 486 iubet,
838 436 882 475 in
908 449 1055 476 earum
1086 437 1310 478 notionum
1335 439 1501 494 origine
1531 450 1571 481 et
1593 441 1798 496 dignitate
1824 446 2068 500 indaganda

124 505 381 554 subsistere,
418 517 494 558 per
524 516 629 558 quas
663 512 862 558 tanquam
891 504 1100 558 principia
1125 503 1514 559 phaenomenorum
1541 509 1841 563 psychicorum
1877 514 2063 556 multitu-

122 573 266 615 dinem
302 570 572 627 cogitandam
606 577 648 610 et
680 569 1002 626 intelligendam
1042 584 1137 612 esse
1160 575 1339 614 censuit.

255 639 304 681 ln
324 641 549 689 universa,
584 652 692 694 quae
723 638 776 678 ad
802 639 991 680 animam
1014 640 1218 694 pertinet,
1249 643 1496 695 quaestione
1518 646 1751 698 tractanda,
1787 646 2065 691 Aristotelem

117 710 228 750 inter
251 718 291 749 et
312 707 593 755 recentiores,
630 721 688 747 ex
712 705 863 762 quibus
893 706 1104 747 ΚΑΝΤιωῙ
1135 709 1324 763 exempli
1351 712 1491 765 gratia
1515 715 1854 768 nominavimus,
1891 716 1971 758 hoc
2002 719 2064 758 in-

118 784 263 826 terest,
300 774 550 830 quod,'cum
576 772 619 814 hi
642 774 808 829 quidem
831 775 1058 815 universae
1085 774 1382 831 philosophiae
1409 780 1682 823 fundamenta
1711 793 1751 823 et
1774 786 1979 839 principia
2010 800 2062 826 ex

116 842 397 899 psychologia
422 842 670 894 desumant,
706 841 779 882 ille
802 851 948 883 contra
971 842 1290 899 psychologiam
1313 854 1543 899 pertractat
1564 858 1763 905 tanquam
1785 860 1948 906 partem
1973 867 2062 893 am-

117 910 267 966 piioris
297 920 337 951 et
365 909 534 950 altioris
567 911 793 957 scientiae3
836 925 992 966 quare,
1024 925 1115 951 cum
1136 914 1396 953 recentiores
1418 913 1680 972 plerumque,
1703 919 1802 973 quid
1828 921 1882 960 sit
1904 921 2061 972 anima,

118 980 217 1022 sciri
250 992 332 1018 non
365 992 491 1032 posse
522 977 688 1029 dicant,
741 976 842 1018 licet
873 979 964 1019 eius
991 978 1216 1020 facultates
1248 979 1443 1036 singulas
1477 998 1702 1027 recensere
1735 1001 1820 1027 non
1856 987 2060 1040 dubitent,

114 1045 388 1089 Aristotelem
419 1059 586 1086 omnem
615 1046 677 1086 rei
713 1045 926 1086 cardinem
963 1047 1006 1086 in
1036 1061 1086 1087 eo
1116 1061 1277 1101 ponere
1306 1049 1521 1100 videmus,
1576 1061 1643 1104 ut,
1682 1055 1780 1109 qnid
1819 1057 1873 1095 sit
1902 1057 2061 1108 anima,

117 1124 230 1156 certa
250 1122 290 1155 et
311 1122 506 1156 accurata
530 1111 775 1153 definitione
795 1115 1084 1154 constituatur.
1129 1113 1382 1170 Propterea,
1417 1130 1642 1174 postquam
1666 1123 1706 1161 in
1731 1124 1866 1177 primo
1894 1125 1945 1164 de
1969 1126 2059 1164 ani-

115 1197 187 1223 ma
217 1181 326 1222 libro
369 1182 510 1221 varias
539 1181 820 1236 antiquiorum
852 1180 1202 1235 philosophorum
1237 1186 1469 1225 sententias
1494 1190 1731 1241 recensuit,
1769 1192 1811 1230 in
1847 1192 1939 1244 ipso
1961 1190 2058 1231 libri

114 1249 286 1291 secundi
306 1249 426 1289 initio
447 1249 634 1303 quaerit:
671 1250 715 1291 τί
735 1248 823 1292 ἐστι
845 1244 964 1307 ψυχὴ
993 1249 1067 1291 καὶ
1097 1249 1161 1300 τίς
1181 1245 1237 1293 ἄν
1258 1251 1321 1304 εἴη
1342 1250 1592 1306 κοινότατος
1612 1256 1739 1311 λόγος
1761 1253 1909 1309 αὐτῆς.
1978 1258 2059 1299 Re-

114 1318 296 1374 spondet
317 1318 396 1371 (de
423 1318 551 1356 anim.
575 1314 657 1367 IL,
695 1331 728 1358 c.
755 1322 817 1366 1.‚
856 1318 893 1366 ξ.
921 1320 984 1357 6.:
1016 1312 1136 1376 ψυχή
1169 1323 1256 1368 ὲςιν
1278 1319 1508 1376 ἐντελέχεια
1535 1317 1559 1375 ἦ
1581 1323 1732 1380 πρώτη
1755 1324 1957 1380 σώματος
1977 1344 2060 1385 φυ-

114 1386 236 1429 σικοῦ
256 1381 368 1438 ζωὴν
387 1383 557 1440 ἔχοντος
577 1381 781 1439 δυνάμει,
802 1408 866 1414 -
887 1398 1037 1438 corpus
1058 1395 1211 1437 autem,
1251 1388 1366 1441 quod
1389 1389 1531 1430 rivere
1553 1392 1701 1445 possit,
1741 1407 1833 1433 cum
1858 1395 1913 1434 sit
1934 1408 2057 1450 orga-

112 1455 274 1504 nicum,
309 1452 486 1494 ean-dem
508 1451 796 1493 definitionem
817 1450 872 1507 (l.
895 1450 924 1493 l.
953 1454 991 1503 ξ.
1018 1455 1084 1508 7.)
1105 1456 1257 1508 repetit
1278 1455 1357 1496 ita:
1397 1456 1441 1498 εἴ
1461 1473 1501 1499 τι
1530 1461 1678 1502 κοινὸν
1709 1460 1779 1503 ἐπὶ
1806 1456 1948 1513 πάσης
1969 1473 2059 1522 ’ψυ-

110 1520 192 1578 χῆς
213 1522 275 1564 δεῖ
295 1522 449 1575 λέγειν,
486 1519 548 1572 εἴη
576 1515 632 1562 ἂν
656 1518 680 1572 ἡ
713 1517 863 1576 πρώτη
894 1521 1123 1576 ἐντελέχεια
1152 1520 1352 1577 σώματος
1372 1526 1560 1582 φυσικοῦ
1582 1525 1827 1583 ὀργανικοῦ.
1896 1529 1988 1570 Iam
2017 1531 2055 1571 si

112 1590 348 1645 quaeritur,
380 1601 605 1643 quemnam
636 1585 762 1627 huius
789 1586 1048 1628 definitionis
1082 1603 1202 1630 usum
1234 1591 1366 1632 faciat
1387 1591 1642 1635 Aristoteles
1672 1596 1724 1635 ad
1757 1595 2059 1650 phaenomena

112 1656 311 1713 psychica
331 1670 387 1697 ex
409 1670 460 1696 ea
481 1655 710 1710 repetenda
731 1654 800 1696 vel
820 1654 970 1696 saltem
997 1670 1091 1698 cum
1114 1671 1166 1697 ea
1186 1658 1476 1712 concilianda,
1513 1664 1655 1703 statim
1679 1674 1878 1718 apparet,
1915 1666 1976 1705 ita
1993 1680 2059 1706 re-

112 1727 213 1767 ferri
240 1726 424 1766 animam
448 1723 501 1764 ad
522 1737 700 1778 corpus,
738 1732 781 1765 ut
804 1724 1192 1779 quaerendum'sit,
1228 1741 1308 1781 quo
1330 1742 1458 1768 sensu
1481 1730 1624 1771 anima
1645 1733 1835 1786 corporis
1861 1735 2057 1789 organici

109 1792 344 1848 ἐντελέχεια
362 1793 540 1833 dicatur.
600 1790 877 1847 Ἐντελεχείας
899 1802 1035 1833 autem
1059 1795 1274 1835 notionem
1298 1795 1429 1837 multo
1453 1795 1647 1840 latiorem
1674 1814 1799 1840 usum
1826 1815 1921 1841 esse
1942 1801 2056 1855 apud

108 1859 402 1911 Aristotelem,
438 1872 560 1914 quam
584 1860 653 1914 qui
675 1861 785 1900 intra
808 1858 1111 1915 psychologiae
1132 1860 1240 1902 fines
1261 1865 1537 1914 contineatur,
1575 1867 1773 1908 omnibus
1798 1878 1939 1909 notum
1966 1878 2058 1918 est3

109 1939 150 1971 et
175 1943 267 1970 cum
306 1927 336 1968 l.
360 1926 389 1968 1.
421 1926 501 1969 hac
526 1928 721 1976 notione,
770 1929 836 1968 cui
872 1941 923 1967 ex
947 1928 1125 1968 adverso
1146 1930 1267 1983 quasi
1291 1923 1398 1984 ὕλης
1427 1933 1542 1973 notio
1574 1937 1710 1989 posita
1734 1945 1823 1984 est,
1873 1937 1932 1977 ita
1960 1945 2056 1978 uta-

108 2005 198 2049 tur,
235 2007 279 2038 ut
308 1996 397 2037 eius
430 1997 514 2036 vim
536 1993 767 2035 lectoribus
789 2004 931 2035 notam
962 2010 1058 2036 esse
1085 2007 1316 2051 supponat,
1354 1998 1408 2040 ab
1437 1998 1518 2041 hoc
1547 2002 1644 2056 ipso
1669 2002 1974 2060 psychologiae
2003 2004 2055 2046 li-

106 2066 219 2107 mine
242 2063 484 2119 relegamur
505 2063 559 2103 ad
585 2061 838 2117 ampliorem
866 2062 1230 2118 disquisitionem,
1268 2080 1391 2120 quam
1427 2069 1608 2122 primam
1643 2070 1961 2127 philosophiam
1999 2087 2052 2114 an

105 2132 438 2188 metaphysicam
465 2131 754 2182 nominemus,
791 2145 940 2185 parum
960 2132 1169 2184 interest,
1203 2133 1430 2176 dummodo
1464 2151 1522 2178 ex
1554 2152 1603 2179 ea
1627 2139 1935 2196 psychologiae
1955 2142 2052 2183 fun-

107 2201 303 2242 damenta
325 2200 555 2255 repetenda
578 2213 676 2240 esse
698 2199 966 2241 concedatur.
1033 2199 1131 2241 Hoc
1156 2201 1216 2241 ita
1245 2216 1367 2255 esse,
1405 2217 1533 2245 nemo
1556 2207 1838 2262 vituperabit,
1874 2210 1941 2264 qui
1976 2224 2049 2250 eo-

104 2283 213 2319 rum,
249 2283 356 2323 quae
379 2273 422 2309 e'n
443 2268 561 2309 nobis·
584 2268 830 2322 experimur
850 2276 891 2308 et
913 2268 1081 2308 animae
1102 2267 1340 2322 tribuimus,
1365 2287 1455 2313 cum
1478 2274 1546 2325 iis,
1585 2289 1690 2329 quae
1721 2283 1853 2317 extra
1877 2291 1950 2318 uos
1981 2276 2047 2319 vel

105 2351 202 2378 esse
225 2335 291 2377 vel
318 2335 409 2377 fieri
431 2334 732 2385 observamus,
770 2334 896 2376 talem
927 2350 1022 2376 esse
1044 2335 1362 2379 similitudinem
1392 2342 1651 2394 meminerit,
1687 2353 1731 2384 ut
1762 2344 1932 2385 easdem
1969 2360 2046 2387 no-

102 2400 240 2447 tiones
269 2403 534 2445 universales
565 2413 605 2444 et
644 2404 697 2444 ad
727 2402 832 2445 haec
864 2413 904 2445 et
935 2404 986 2444 ad
1008 2402 1081 2444 illa
1111 2403 1178 2444 vel
1206 2405 1472 2462 designanda
1504 2409 1571 2450 vel
1608 2411 1864 2465 explicanda
1899 2427 2046 2455 neces·

100 2474 214 2514 sario
235 2470 524 2513 adhibeamus.
599 2469 715 2520 Quas
746 2473 854 2514 inter
877 2474 1071 2513 notiones
1101 2486 1226 2527 quum
1251 2473 1488 2517 substantia
1521 2486 1561 2518 et
1586 2481 1762 2520 mutatio
1788 2482 2035 2534 primarium

97 2541 238 2583 locum
271 2538 492 2580 obtineant
528 2564 586 2569 —
625 2541 768 2581 omnia
815 2542 927 2581 enim
964 2539 1290 2595 phaenomena,
1340 2558 1446 2598 quae
1486 2544 1553 2586 vel
1588 2548 1630 2588 in
1678 2550 1942 2590 conscientia
1976 2551 2041 2590 in-

98 2620 218 2651 terna
246 2607 314 2650 vel
343 2609 388 2648 in
417 2621 555 2649 rerum
581 2610 730 2649 natura
751 2607 1148 2660 animadvertimus,
1185 2610 1224 2648 in
1262 2624 1312 2649 eo
1339 2623 1596 2667 congruunt,
1634 2620 1814 2670 primum
1851 2617 1958 2672 quod
1986 2619 2042 2658 iis

96 2677 254 2733 aliquid
276 2674 452 2718 subesse
478 2675 730 2731 cogitamus,
765 2679 874 2733 quod
901 2690 977 2731 per
1008 2678 1148 2718 varias
1183 2677 1410 2731 qualitates
1442 2683 1484 2721 in
1521 2696 1604 2724 una
1635 2700 1678 2726 re
1712 2695 1911 2740 tanquam
1945 2687 2042 2726 eius

91 2744 290 2787 attributa
319 2744 586 2786 consociatas
610 2754 750 2786 notum
771 2744 861 2798 fiat,
896 2744 1049 2785 deinde
1071 2746 1183 2802 quod
1207 2747 1270 2797 td,
1309 2750 1420 2803 qnod
1443 2763 1720 2809 unaquaeqne
1747 2768 1811 2793 res
1833 2759 1911 2805 sit,
1950 2768 2031 2795 non
