2352 3254
1021 173 1105 228 11

87 315 305 373 gignendi,
327 314 557 368 crescendi,
577 313 784 357 sentiendi
805 322 884 356 etc.
909 313 1044 356 stadia
1070 323 1257 357 exserat.
1291 313 1530 365 Praeterea,
1547 314 1646 359 licet
1657 315 1909 361 Aristoteles
1933 334 2024 363 cor-

89 400 172 444 pus
201 383 436 425 universali
462 384 538 437 τῆς
568 377 673 437 ὕλης
706 384 870 426 notioni
901 382 1146 436 subsumat,
1185 398 1290 425 mox
1327 393 1468 426 tamen
1493 385 1631 436 addit,
1678 400 1761 428 non
1800 390 2021 445 unicuique

86 455 293 494 materiae
315 451 383 493 vel
396 453 717 507 corporiinesse
735 466 858 507 posse
871 450 936 493 vel
951 453 1138 493 animam
1152 453 1195 493 in
1209 452 1450 494 universum
1464 451 1533 495 vel
1549 461 1702 494 certam
1719 456 1920 509 animam,
1943 458 2020 500 sed

86 520 188 572 tali,
233 522 341 576 quod
377 531 515 576 aptum
543 523 598 562 sit
631 522 671 561 ei
699 519 896 576 qualitati
926 520 1219 576 recipiendae,
1264 535 1387 576 quam
1421 523 1540 563 notio
1570 523 1737 563 animae
1767 526 2015 581 requiram.

83 589 206 631 Haec
227 604 326 630 vero
356 590 564 630 restrictio
597 589 807 639 ostendit,
850 602 976 644 quam
1014 603 1160 644 parum
1189 598 1335 631 nactus
1369 591 1424 631 sit
1453 589 1706 632 Aristoteles
1739 591 1790 633 ad
1822 602 2016 636 naturam

85 658 252 697 animae
282 657 602 712 intelligendam
628 658 715 697 ista
742 658 853 696 inter
873 654 943 708 id,
979 657 1088 712 quod
1113 654 1288 711 δυνάμει
1316 667 1407 710 est,
1446 668 1487 699 et
1507 659 1548 700 id
1573 659 1681 716 quod
1712 659 1897 719 ἐνεργείᾳ
1938 672 2014 711 est,

82 725 368 766 distinctione.
438 724 550 765 Illud
573 725 738 779 quidem
759 738 836 778 per
854 737 900 764 se
923 723 1134 766 subtrahit
1154 740 1200 766 se
1223 727 1339 775 eius,
1377 727 1488 780 qnod
1523 728 1599 778 sit,
1631 735 1770 768 certae
1805 738 1846 769 et
1871 728 2016 771 stabili

85 791 343 840 definitioni3
379 794 520 848 itaque
540 793 637 849 quid
658 803 698 834 et
725 791 850 848 quale
873 793 927 833 sit
949 807 1102 848 corpus
1124 795 1279 843 vivum,
1305 808 1362 835 ex
1386 795 1553 836 animae
1573 794 1819 837 definitione
1848 797 2015 839 desumi

85 875 216 917 posse
238 875 481 916 speramus;
511 871 553 902 ut
574 876 673 902 vero
696 860 1013 916 intelligamus,
1048 861 1145 917 quid
1176 862 1230 902 sit
1266 862 1433 911 anima,
1481 861 1731 918 ablegamur
1769 864 1821 905 ad
1847 880 2014 920 corpus;

82 928 224 984 qualis
244 931 352 970 enim
379 931 434 969 sit
457 928 564 971 haec
585 928 654 971 vel
677 928 757 970 illa
780 929 945 978 anima,
974 929 1018 970 id
1046 943 1128 970 non
1151 944 1226 985 per
1253 943 1327 982 se,
1361 930 1436 971 sed
1464 932 1525 973 ita
1554 932 1721 973 demum
1752 932 1835 973 dici
1856 944 2010 988 potest,

80 1008 129 1038 ut
163 1012 216 1038 ea
246 997 564 1053 possibilitatis,
609 1008 654 1040 ut
682 998 742 1038 ita
773 998 935 1049 dicam,
976 997 1182 1053 qualitas,
1229 1013 1336 1053 quae
1375 1000 1542 1053 corpori
1582 1001 1807 1055 competit,
1851 1015 1927 1056 per
1964 1017 2010 1043 se

79 1066 252 1121 ignota,
286 1079 362 1120 per
386 1066 552 1107 animae
575 1065 804 1123 ἐνέργειαν,
851 1079 928 1120 per
948 1080 995 1107 se
1022 1080 1105 1107 non
1135 1067 1274 1106 minus
1303 1068 1516 1122 ignotam,
1555 1079 1669 1109 certa
1700 1067 1841 1125 aliqua
1875 1072 2011 1126 signi-

80 1132 275 1175 ficatione
294 1133 605 1192 impleatur**).
675 1132 799 1182 Quod
820 1145 957 1174 autem
988 1134 1040 1174 de
1076 1135 1319 1189 cognitione
1340 1133 1479 1185 valet,
1525 1135 1641 1177 valet
1674 1137 1800 1177 etiam
1835 1136 1887 1179 de
1918 1140 2011 1193 ipsa

80 1203 297 1257 utriusque
324 1203 524 1243 essentia.
595 1200 676 1242 Illa
708 1202 818 1243 enim
850 1200 1104 1258 ἐντελέχεια,
1140 1215 1249 1258 quae
1268 1202 1378 1243 vitae
1400 1204 1626 1259 organicae
1649 1205 1747 1245 fons
1781 1214 1876 1245 actu
1917 1207 2010 1247 exi-

82 1277 198 1310 stens
222 1284 317 1310 esse
353 1270 526 1321 dicitur,
562 1283 616 1311 ne
646 1270 794 1311 existit
827 1270 996 1325 quidem
1031 1278 1152 1322 actu,
1186 1274 1272 1313 πίει·
1296 1271 1469 1313 accedat
1492 1285 1667 1327 corpus,
1701 1271 1886 1327 δυνάμιν
1915 1276 2011 1330 ἕχον

79 1339 248 1382 τοιονδὶ
275 1338 395 1381 εἶναι.
459 1337 608 1394 Neque
635 1336 892 1379 Aristoteles
923 1337 1006 1379 hoc
1036 1338 1338 1380 detrectaturus
1365 1349 1499 1388 esset3
1549 1340 1643 1395 ipse
1678 1342 1790 1382 enim
1824 1342 2009 1384 animam

79 1405 295 1463 πρώτην
329 1404 410 1450 τοῦ
433 1404 628 1462 σώματος
648 1408 906 1462 ἐντελέχειαν
927 1421 1021 1447 esse
1045 1407 1166 1455 dicit3
1203 1407 1314 1462 quod
1336 1408 1622 1462 praedicatum
1652 1422 1736 1450 non
1764 1410 1825 1450 ita
1853 1408 2010 1451 intelli-

80 1475 266 1530 gendum
287 1489 404 1527 esse,
436 1476 557 1531 quasi
583 1476 726 1516 anima
750 1475 803 1516 sit
825 1474 1045 1527 absoluta,
1081 1476 1125 1516 in
1158 1488 1231 1524 ec,
1266 1476 1376 1531 quod
1405 1484 1493 1525 est,
1523 1475 1605 1518 sibi
1635 1476 1763 1532 plane
1796 1476 2009 1520 sufficiens

79 1543 333 1599 ἐντελέχεια,
369 1544 442 1583 sed
463 1545 546 1595 ita,
576 1552 621 1584 ut
643 1557 800 1584 meram
825 1545 1057 1598 potentiam
1081 1544 1123 1583 in
1145 1557 1190 1584 se
1212 1542 1423 1595 involvat,
1455 1559 1565 1599 quae
1584 1546 1885 1601 progressione
1908 1561 2010 1601 qua-

79 1611 176 1652 dam
211 1611 263 1652 ad
278 1613 512 1666 perfectum
534 1620 671 1654 actum
692 1612 939 1666 perveniat,
976 1620 1018 1653 et
1042 1611 1114 1653 alii
1133 1610 1379 1654 Aristotelis
1406 1611 1585 1669 locvm)
1618 1622 1660 1656 et
1682 1615 1879 1655 universa
1898 1616 2007 1657 ratio

78 1807 133 1842 IV
165 1807 244 1853 (V.)
273 1817 302 1841 c.
318 1809 348 1843 8.
375 1805 477 1841 ἄλλον
499 1808 537 1841 δε
559 1805 689 1850 ’τρόπον
714 1805 831 1850 (οὐσία
852 1807 1024 1852 λέγεται),
1057 1803 1076 1840 ὃ
1095 1805 1137 1840 ἂν
1160 1803 1184 1853 ᾗ
1207 1808 1317 1841 αἴτιον
1339 1808 1403 1841 τοῦ
1428 1807 1515 1841 εἶναι
1538 1806 1727 1853 ἐνυπάρχον
1750 1809 1784 1840 ἓν
1807 1812 1880 1846 τοῖς
1896 1809 2007 1843 τοιού·

80 1877 171 1904 ποις,
194 1864 260 1898 ὅσα
283 1863 331 1909 μὴ
354 1865 488 1908 λέγεται
512 1861 602 1897 καθ’
624 1862 863 1909 ὑποκειμένου,
890 1865 963 1897 οἷον
986 1862 1006 1905 ἧ
1032 1862 1122 1907 ψυχὴ
1149 1864 1196 1906 τῷ
1221 1863 1304 1906 ζώῳ.
1359 1863 1416 1896 De
1443 1865 1554 1898 anim.
1579 1865 1623 1897 ll.
1650 1875 1680 1897 c.
1705 1867 1738 1897 2.
1771 1865 1805 1906 ξ.
1829 1866 1882 1898 15.
1908 1866 2006 1909 σῶμα

79 1926 142 1966 μὲν
164 1921 229 1967 γὰρ
245 1921 305 1956 οὐκ
328 1923 376 1959 :ag-a
395 1918 430 1964 (ἡ
453 1917 570 1963 zmil-q),
596 1921 752 1964 σώματος
775 1921 814 1954 δέ
833 1935 879 1954 τι.
906 1918 1000 1952 lbid.
1026 1929 1056 1955 c,
1075 1921 1110 1952 4.
1142 1920 1225 1962 §.4.
1252 1921 1300 1958 ἴςι
1318 1921 1354 1953 δὲ
1378 1918 1505 1964 ἡψυχὴ
1520 1922 1582 1955 τοῦ
1599 1921 1724 1960 ζῶντος
1740 1921 1895 1965 σώματος
1911 1923 2005 1955 αἰτιά

78 1981 137 2013 καὶ
165 1974 259 2025 ἀρχή.
305 1977 365 2010 De
397 1986 622 2022 organorum
646 1979 801 2012 notione
826 1977 874 2011 ad
896 1978 1009 2010 tinem
1035 1976 1219 2010 adstricta
1253 1977 1302 2013 cf.
1331 1978 1686 2011 TRENDELENBURG
1711 1978 1758 2011 ad
1782 1978 1939 2011 Aristot.
1959 1977 2005 2012 de

77 2038 190 2070 anim.
213 2045 298 2080 pag.
325 2034 405 2068 331.

213 2114 246 2158 ³⁶)
282 2112 339 2145 De
365 2111 497 2152 anim„
521 2110 567 2144 Π.
602 2120 633 2143 c.
660 2111 692 2145 l.
719 2111 751 2154 §.
772 2110 826 2151 8.,
857 2120 888 2146 e.
912 2112 947 2144 2.
980 2110 1014 2153 ξ.
1033 2111 1087 2146 15.
1122 2108 1179 2144 διὰ
1209 2111 1317 2145 τοῦτο
1342 2112 1376 2144 ἰν
1407 2109 1540 2155 σώματι
1563 2107 1706 2156 ὑπάρχει
1731 2111 1787 2143 καὶ
1807 2111 1842 2143 ἐν
1869 2110 2005 2156 σώματι

83 2169 246 2214 τοιούτῳ,
269 2171 326 2203 καὶ
349 2167 411 2210 οὔχ
434 2167 540 2212 ὥσπερ
563 2169 595 2200 οἱ
618 2168 782 2212 πρότερον
807 2168 852 2204 εἰς
874 2168 969 2211 σῶμα
994 2166 1178 2212 ἐνήρμοζον
1208 2164 1331 2212 αὖτὴν,
1356 2164 1466 2201 οὗθὲν
1491 2169 1788 2214 προςὸιορίσαντες
1810 2168 1844 2200 ἐν
1861 2169 1929 2202 τίνι
1946 2169 2005 2202 καὶ

79 2230 167 2271 ποίῳ
196 2251 205 2260 .
231 2254 239 2263 .
266 2254 275 2263 .
305 2250 313 2259 .
337 2224 427 2258 οὕτω
451 2225 487 2258 δὲ
507 2226 636 2268 γίνεται
660 2224 717 2256 καὶ
739 2223 826 2256 κατὰ
853 2224 975 2268 λόγον·
1020 2223 1142 2262 ἱκάςου
1165 2238 1232 2270 γαρ
1262 2224 1282 2268 ἡ
1312 2227 1493 2267 ἐντελέχεια
1526 2226 1560 2257 ἐν
1585 2225 1632 2268 τῷ
1656 2223 1794 2269 δυνάμει
1817 2223 2004 2271 ὑπάρχοντι,

83 2285 142 2319 καὶ
163 2285 206 2329 τῇ
234 2284 379 2325 οἰκείᾳ
403 2280 480 2327 ὕλῃ
506 2283 632 2325 πέφυκε
653 2282 823 2324 γίνεσθαι.
851 2280 897 2314 cf.
924 2281 969 2314 de
992 2282 1104 2314 anim.
1129 2282 1155 2315 1.
1179 2293 1210 2315 c.
1237 2284 1271 2316 4.
1295 2283 1328 2326 ξ.
1359 2283 1413 2315 18.

214 2361 262 2403 **)
287 2358 534 2394 Aristotelem
555 2367 577 2390 a
603 2358 756 2391 notione
780 2359 963 2391 materiae
993 2357 1212 2392 indefinitae
1242 2357 1357 2402 (Met.
1382 2357 1448 2395 ΙΙΙ,
1483 2356 1592 2402 (IV.)
1625 2367 1655 2390 c.
1679 2357 1714 2390 4.
1736 2355 1776 2389 τὸ
1799 2356 1940 2402 δυνάμει
1963 2355 2002 2391 ὂν

89 2418 146 2451 καὶ
171 2416 218 2462 μὴ
245 2417 424 2458 ἰντελεχεΙᾳ
448 2413 635 2460 ιῖόριςὸν
661 2416 728 2453 ἕςιν
752 2414 816 2448 VI.
842 2413 969 2457 (Vn.)
1001 2425 1030 2447 c.
1059 2417 1115 2448 10.
1145 2414 1164 2459 ἦ
1189 2414 1255 2457 ὕλη
1289 2412 1486 2458 ἅγνωςος
1515 2413 1602 2447 καθ’
1629 2411 1757 2457 αὑτὴν)
1791 2414 2001 2449 desciscere

83 2479 256 2508 coactum
282 2484 384 2513 esse,
417 2477 459 2505 ut
483 2472 716 2516 singularum
742 2480 868 2504 rerum
894 2471 1087 2505 delinitam
1122 2472 1342 2517 qualitatem
1374 2471 1508 2504 saltem
1542 2481 1608 2515 pro
1635 2471 1791 2504 dimidia
1816 2476 1924 2516 parte
1954 2481 2002 2505 ex

89 2542 135 2565 ea
158 2534 371 2574 repeteret,
405 2529 606 2561 ostendunt
627 2528 727 2560 iuter
755 2529 831 2562 alia
855 2528 968 2573 Phys.
993 2528 1042 2561 ll.
1072 2539 1102 2563 c.
1128 2530 1162 2562 2.
1190 2530 1259 2561 τῶν
1279 2526 1366 2573 πρός
1389 2541 1423 2560 τι
1449 2525 1467 2570 ἡ
1492 2527 1577 2570 ὕλη·
1609 2526 1699 2571 ἄλλῳ
1720 2526 1785 2572 γὰρ
1809 2529 1891 2561 εἴδει
1915 2527 2000 2570 ἄλλη

79 2586 141 2630 ὕλη
165 2586 279 2630 PhyS·
304 2586 331 2619 l·
362 2597 393 2621 c.
419 2586 452 2619 9.
479 2587 562 2629 λέγω
586 2583 671 2627 ὕλην
693 2583 734 2618 τὸ
757 2588 889 2633 πρῶτον
912 2584 1133 2631 ὑποκείμενον
1158 2583 1284 2628 ἓκάςῳ,
1317 2586 1349 2622 ἐξ
1370 2581 1410 2617 οὗ
1433 2586 1589 2629 γίγνεταί
1618 2598 1653 2618 τι
1679 2584 1925 2630 ἐνυπάρχοντος
1953 2581 1998 2628 μὴ

77 2643 164 2679 κατὰ
189 2643 412 2689 συμβεβηκός.

211 2723 278 2766 ***)
303 2721 411 2754 Hanc
436 2719 727 2764 explicationem
752 2729 878 2753 veram
905 2729 1005 2759 esse,
1047 2719 1123 2751 iam
1159 2727 1204 2752 ex
1236 2716 1418 2762 exemplis
1447 2716 1492 2751 de
1521 2718 1634 2752 anim.
1657 2718 1705 2753 11.
1737 2728 1766 2754 c.
1796 2718 1813 2751 1
1840 2715 1999 2750 adiectis

79 2782 248 2825 apparet.
285 2777 340 2814 Cf.
359 2779 711 2812 'l'nEannExssusso
739 2776 785 2809 ad
812 2775 847 2809 h.
870 2777 893 2809 1.
921 2787 955 2820 p.
979 2777 1045 2809 314
1059 2786 1139 2819 sqq.

1343 2834 1442 2878 B2
