2352 3254
977 160 1300 214 -—-4

315 303 528 352 adhibuit,
572 309 712 341 tamen
733 314 807 354 pro
844 314 894 341 eo
925 298 1137 339 substituit
1174 299 1387 339 notionem
1421 290 1642 353 (δυνάμεων
1662 296 1739 350 τῆς
1767 296 1913 356 ψυχῆς
1950 297 2019 352 (de
2042 298 2172 338 anim.
2194 297 2249 348 ll,

316 388 349 414 c.
367 377 406 412 3.
423 368 531 426 init.)
546 371 595 422 ⁸),
618 378 661 409 ut
683 367 734 408 ab
757 367 965 407 hocinitio
988 366 1181 406 doctrina
1205 367 1255 406 de
1277 363 1547 406 facultatibus
1571 366 1740 405 animae
1760 361 1889 405 latius
1909 366 2118 419 serpsisse
2142 374 2182 406 et
2197 365 2251 405 ad

317 440 498 480 seriores
518 445 749 492 propagata
768 449 861 475 esse
876 436 964 473 iure
985 433 1160 473 dicatur.
1200 432 1341 474 Huius
1364 441 1501 473 autem
1529 431 1814 486 hypotheseos
1836 432 2250 488 psychologicae,—-

315 519 390 560 pro
418 503 640 558 hypothesi
673 504 783 542 enim
807 500 1001 541 habenda
1025 509 1102 550 est,
1140 510 1364 555 antequam
1396 500 1454 540 ita
1475 501 1738 540 statuendum
1763 513 1883 547 esse,
1916 501 2159 541 necessaria
2180 514 2250 541 co-

316 573 477 628 gitandi
500 571 797 627 progressione
828 578 1042 608 ostensum
1064 569 1143 618 sit,
1181 592 1245 599 —-
1283 567 1392 622 quod
1425 568 1536 621 apud
1566 565 1840 608 Aristotelem
1866 568 1985 621 quasi
2017 577 2159 621 typum
2188 568 2250 607 in-

316 641 452 680 veniri
482 639 599 689 dixi,
642 638 737 677 ideo
770 637 926 676 factum
960 643 1046 683 est,
1094 635 1227 689 quod,
1275 635 1628 689 quemadmodum
1668 636 1928 676 recentiores
1964 635 2015 675 de
2046 633 2251 676 facultate

321 706 625 761 cognoscendi,
663 703 884 757 appetendi
908 712 985 743 etc.
1010 702 1238 743 universali
1270 703 1504 753 disserunt,
1541 705 1603 743 sic
1632 701 1886 743 Aristoteles
1918 716 2083 758 quoque
2114 702 2251 744 facul-

320 784 447 815 tatum
481 774 567 812 sive
592 773 736 827 virium
761 770 1055 824 psychicarum
1081 771 1253 810 notione
1275 771 1333 810 ita
1358 772 1506 820 utitur,
1544 779 1589 810 ut
1611 770 1833 810 universas
1862 769 2250 824 phaenomenorum

320 844 474 881 classes
498 849 535 879 et
565 852 729 892 genera
754 839 806 879 ad
831 838 908 878 has
930 839 1039 878 vires
1068 848 1236 878 revocet
1259 848 1299 877 et
1327 837 1392 877 his
1422 838 1526 891 ipsis
1553 835 1681 876 fiendi
1709 836 1935 892 generibus
1965 836 2155 892 singulas
2190 837 2253 878 fa·

318 907 491 948 cultates
516 916 760 959 praeponat.
827 905 946 945 llaec
970 906 1178 945 sententia
1210 906 1346 945 serius
1378 913 1464 944 tam
1489 903 1573 944 late
1594 912 1832 959 propagata
1852 914 1935 953 est,
1972 914 2016 945 ut
2039 919 2133 945 eam
2154 919 2252 959 psy-

320 973 541 1028 chologiae
568 974 762 1023 formam,
792 987 897 1027 quae
924 971 1021 1013 inde
1044 971 1212 1027 pendet,
1244 973 1438 1026 vulgaris
1457 973 1629 1012 nomine
1654 973 1859 1027 insignire
1884 986 2021 1026 neque
2049 973 2252 1013 iniustum

320 1055 454 1095 neque
489 1040 801 1081 incommodum
832 1041 899 1081 sit.
988 1038 1196 1081 Nolumus
1228 1053 1462 1095 provocare
1501 1039 1552 1079 ad
1590 1038 1772 1080 Cnmsr.
1801 1039 2007 1081 Womm
2054 1048 2253 1091 aetatem,

320 1111 402 1163 qui,
439 1108 540 1149 licet
560 1108 814 1148 Lamsmus
837 1107 963 1148 aliam
987 1121 1163 1162 eamque
1187 1107 1405 1148 meliorem
1429 1116 1710 1148 monstrasset
1728 1106 2036 1163 psychologiae
2050 1109 2162 1149 viam
2179 1110 2253 1161 ²⁰7,

319 1178 502 1216 omnium
536 1178 826 1230 quaestionum
852 1174 1248 1231 psychologicarum
1282 1175 1475 1216 ultimum
1505 1173 1634 1215 finem
1672 1189 1722 1216 eo
1745 1175 1934 1231 redegit,
1979 1185 2047 1226 ut,
2090 1185 2253 1230 „quot-

318 1258 413 1285 nam
444 1244 527 1284 sint
548 1245 716 1284 animae
748 1243 973 1285 facultates
1003 1251 1043 1283 et
1064 1242 1212 1297 quales
1235 1244 1342 1294 sint,
1377 1246 1420 1283 in
1445 1242 1724 1298 psychologia
1761 1245 1986 1297 empirica,
2024 1244 2121 1298 quid
2151 1255 2253 1284 vero

318 1313 484 1365 proprie
521 1313 604 1352 sint
626 1321 666 1351 et
695 1311 905 1365 quomodo
943 1313 1112 1351 animae
1143 1311 1294 1360 insint,
1346 1311 1391 1350 in
1421 1309 1699 1365 psychologia
1732 1309 1936 1351 rationali
1974 1310 2253 1352 declaretur“

317 1378 539 1433 (VVoLFFn
575 1378 770 1433 psychol.
809 1379 955 1432 empir.
982 1378 1017 1432 ξ.
1047 1377 1169 1435 29.);
1213 1380 1317 1419 satis
1346 1386 1411 1418 est
1440 1377 1602 1418 KAxTu
1638 1377 1951 1432 philosophiam
1996 1392 2254 1419 commemo·

315 1461 459 1497 rasse,
503 1446 594 1500 qui,
633 1461 756 1502 quum
780 1448 821 1486 in
850 1445 1023 1502 reliquis
1045 1446 1234 1501 quidem,
1269 1460 1373 1501 quae
1395 1445 1446 1486 ad
1470 1444 1776 1502 cosmologiam
1801 1455 1842 1487 et
1872 1445 2134 1502 theologiam
2158 1461 2253 1500 per-

318 1516 467 1568 tinent,
506 1513 753 1567 placitorum
780 1513 1156 1569 metaphysicorum
1191 1515 1357 1554 inanem
1379 1524 1584 1555 tumorem
1608 1516 1928 1569 comprimeret,
1973 1514 2082 1556 hanc
2111 1523 2252 1556 tamen

318 1582 370 1621 de
390 1580 662 1622 facultatibus
695 1584 826 1622 animi
847 1581 1020 1623 tuunani
1048 1582 1282 1623 doctrinam
1313 1583 1370 1622 ita
1390 1580 1443 1621 ab
1472 1583 1548 1633 iis,
1585 1592 1733 1623 contra
1767 1597 1874 1637 quos
1898 1584 2125 1638 pugnavit,
2163 1596 2254 1622 mu-

319 1660 429 1689 tuam
454 1649 678 1700 desumsit,
724 1660 789 1700 ut,
836 1651 1077 1690 intermisso
1097 1651 1200 1690 artis
1231 1651 1400 1691 criticae
1426 1663 1623 1702 nmnere,
1664 1647 1704 1691 ei
1743 1658 1944 1706 tauquam
1979 1650 2252 1692 fundamento

319 1718 557 1756 universam
581 1717 895 1772 philosophiam
928 1719 1157 1772 superstrui
1190 1732 1316 1772 posse
1344 1728 1550 1758 censeret.
1609 1717 1815 1758 Nimirum
1837 1721 1896 1759 ita
1925 1718 2083 1759 KAN'rn
2112 1727 2252 1758 aetate

319 1785 359 1823 iu
386 1798 646 1824 communem
673 1800 793 1825 usum
826 1784 989 1825 abierat
1023 1787 1104 1826 ista
1133 1785 1397 1839 hypothesis,
1432 1794 1478 1826 ut
1498 1786 1549 1826 de
1573 1787 1665 1827 eius
1695 1788 1874 1827 veritate
1894 1786 2083 1827 dubitare
2115 1799 2251 1840 neque

319 1850 420 1891 utile
446 1866 579 1906 neque
600 1855 887 1894 necessarium
915 1867 1011 1894 esse
1042 1853 1268 1894 videretur.

454 1936 575 1986 Quae
607 1954 699 1980 cum
730 1941 789 1980 ita
813 1942 923 1993 sint,
967 1954 1123 1994 operae
1154 1942 1333 1995 pretium
1365 1955 1462 1982 esse
1497 1941 1683 1992 videtur,
1722 1942 1774 1982 ad
1804 1943 1986 1997 primum
2027 1940 2150 1981 huius
2175 1942 2250 1982 ‹10-

318 2006 478 2046 ctrinae
502 2007 659 2047 sontem
683 2007 942 2048 descendere
961 2016 1001 2048 et
1023 2022 1240 2062 quaerere,
1276 2023 1355 2063 qua
1373 2011 1534 2049 ratione
1549 2008 1801 2050 Aristoteles
1823 2011 1874 2051 ad
1896 2010 2003 2051 hanc
2025 2008 2250 2063 psycltolo·

319 2075 414 2128 giae
436 2075 616 2115 formam
648 2076 849 2116 deductus
877 2077 945 2116 sit.
999 2073 1108 2116 Nam
1137 2077 1173 2116 si
1203 2076 1365 2116 ostendi
1388 2087 1554 2130 posset,
1586 2092 1679 2118 eam
1709 2078 1817 2132 apud
1836 2077 2110 2119 Aristotelem
2132 2078 2246 2118 insto

320 2153 358 2180 et
381 2140 502 2182 firmo
533 2142 805 2184 fundamento
836 2145 931 2194 niti,
969 2157 1039 2191 ea,
1077 2159 1185 2198 quae
1217 2146 1438 2185 vetustatis
1466 2146 1874 2186 commendationem
1897 2161 1996 2201 prae
2022 2159 2068 2185 se
2091 2145 2246 2196 ferunt,

318 2209 480 2250 iuterna
506 2211 698 2251 veritatis
729 2213 978 2251 auctoritate
1000 2209 1270 2259 fulcirentur3
1316 2214 1381 2252 sin
1415 2218 1572 2264 minus,
1614 2215 1833 2269 egregium
1861 2224 1971 2255 certe
1998 2212 2244 2268 exemplum

321 2279 681 2327 nanciscerentur,
733 2294 854 2333 quam
878 2278 1005 2320 facile
1035 2281 1252 2329 notiones,
1284 2295 1390 2336 quae
1426 2280 1733 2334 problematum
1759 2281 2148 2336 philosophicorum
2179 2295 2246 2320 se·

320 2357 458 2385 veram
483 2347 852 2402 investigationem
882 2346 1095 2388 declinant
1120 2349 1281 2403 magis,
1320 2363 1442 2403 quam
1466 2350 1520 2389 iis
1551 2351 1630 2390 rite
1664 2350 1953 2401 satisfaciunt,
1997 2349 2245 2390 auctoritate

319 2421 431 2452 tanta
454 2416 692 2467 potiantur,
729 2425 773 2456 ut
801 2415 869 2470 qui
895 2430 987 2456 eam
1019 2430 1103 2456 non
1140 2427 1366 2472 agnoscat,
1412 2418 1506 2472 ipse
1535 2432 1794 2474 magnopere
1816 2419 2119 2474 vituperandus
2151 2430 2245 2457 esse

410 2575 442 2614 *)
472 2573 534 2604 τῶν
562 2574 596 2605 δὲ
620 2574 795 2617 δυνάμεων
816 2577 874 2618 τῆς
894 2578 1002 2619 ψυχῆς
1026 2581 1061 2611 αἱ
1083 2581 1261 2621 λεχθεῖσαι
1276 2582 1348 2615 τοῖς
1369 2580 1430 2622 μὲν
1453 2579 1675 2625 ἐνυπάρχουσι
1695 2582 1815 2618 πᾶσαι,
1915 2583 1987 2615 τοῖς
2016 2577 2056 2610 δέ
2077 2589 2163 2612 ’ΠΝ-Γ
2183 2572 2240 2608 “¹''

318 2627 405 2665 Τῶν»
434 2630 531 2664 ἕν”ῡις
554 2631 589 2661 ὑὲ
614 2633 674 2673 μία
698 2632 795 2675 μόνη.
816 2633 977 2678 δυνάμεις
1003 2635 1038 2667 δὲ
1067 2638 1206 2680 εἴπομεν
1233 2633 1441 2681 θρεπτικὸν,
1473 2639 1696 2680 αἰσθητικὸν,
1728 2635 1926 2684 ὀρεκτικὸν,
1958 2632 2126 2678 κινητικὸν
2153 2632 2240 2666 mss}

317 2682 441 2722 thor,
475 2684 703 2725 ὸιαιόητικόν.

404 2740 457 2778 ²⁰)
486 2739 540 2772 Cf.
567 2740 759 2777 natantur
784 2744 1016 2790 Psyeltologie
1052 2747 1104 2780 als
1141 2746 1407 2792 H'ixsensclmft.
1454 2749 1497 2781 Τ.
1515 2749 1541 2781 1.
1574 2759 1609 2792 p.
1627 2754 1668 2785 52
1691 2762 1771 2796 sqq.
