2352 3254
968 173 1554 228 ——S—

305 338 366 367 tur
390 324 455 372 iis,
491 331 594 372 quae
619 315 747 369 (actu)
769 323 878 366 sunt,
916 313 1105 366 suscipio
1126 313 1259 353 oritur
1283 313 1386 354 satis
1407 315 1566 368 gravis,
1603 311 1825 354 Aristoteli
1846 315 1887 354 in
1913 312 1993 355 hoc
2018 314 2234 354 notionum

304 384 679 434 fundamentalium
709 397 864 438 genere
893 382 1122 430 accidisse,
1166 389 1210 420 ut
1240 378 1295 420 ab
1326 379 1508 420 molesta
1545 379 1618 420 illa
1651 381 1844 436 quidem,
1880 383 1953 422 sed
1989 381 2232 423 necessaria

303 454 513 512 cogitandi
536 453 780 502 severitate,
818 464 895 504 qua
914 448 1177 490 parmenidis
1198 456 1238 488 et
1259 446 1448 488 Platonis
1469 449 1644 503 ingenia
1669 450 1778 489 inter
1802 463 1991 490 summas
2016 451 2236 490 notionum

303 522 570 565 difficultates
597 528 838 574 perspectas
861 517 1023 572 magis,
1057 529 1178 568 quam
1199 516 1444 570 expeditam,
1481 515 1712 572 defatigata
1731 525 1875 567 erant,
1911 517 1956 556 in
1982 518 2087 570 ipsis
2108 530 2238 572 quae·

306 591 427 634 rendi
451 589 666 645 principiis
691 585 904 626 recederet
926 593 966 624 et
990 597 1136 624 sensus
1153 585 1388 624 communis
1408 584 1708 625 commoditate
1730 584 1919 625 devictus
1943 582 2236 625 difficultatum

307 658 603 700 solvendarum
634 653 857 702 blandum,
894 652 969 692 sed
999 665 1081 691 non
1107 665 1254 691 sanum
1279 652 1510 692 remedium
1540 652 1763 693 inveniret.
1832 650 1982 705 Neque
2012 652 2124 692 enim
2159 652 2240 700 via,

309 741 384 782 per
407 738 528 780 quam
565 721 617 761 ad
655 721 732 760 has
771 721 966 759 notiones
999 718 1149 759 deduci
1188 721 1349 773 potuit,
1390 727 1476 759 tam
1509 719 1640 760 ardua
1671 727 1757 771 est,
1799 728 1844 760 ut
1879 733 1963 759 non
1992 719 2131 773 captui
2166 732 2240 773 po·

312 792 447 849 pulari
486 788 707 830 admodum
743 786 1065 827 accommodata
1108 788 1175 827 sit.
1246 785 1611 834 Quemadmodum
1653 788 1766 827 enim
1801 786 1924 827 Plato
1953 786 2080 837 ideo,
2132 785 2245 840 quod

317 856 540 915 qualitates
560 852 783 896 sensibiles
819 869 893 909 per
916 855 1173 895 imitationes
1196 857 1415 895 continuas
1436 855 1667 909 aufugiunt,
1693 852 1960 894 abstrahens
1985 863 2166 895 mentem
2191 852 2245 893 ab

317 924 509 967 omnibus
543 920 817 978 qualitatibus
845 931 885 962 et
909 920 1142 972 attributis,
1179 930 1376 976 tanquam
1412 922 1625 962 residuum
1656 930 1698 961 et
1734 931 1860 976 caput
1880 922 2002 976 quasi
2036 930 2246 962 mortuum

313 996 535 1035 invenerat
575 988 784 1030 indefiniti
809 1003 982 1043 prorsus
1022 987 1226 1029 substrati
1256 989 1496 1040 notionem,
1536 991 1595 1030 ita
1629 988 1779 1030 eodem
1817 989 1943 1030 modo
1987 988 2247 1030 conclusisse

313 1058 612 1109 Aristotelem,
660 1067 838 1111 apparet
864 1072 920 1098 ex
966 1055 1106 1098 verbis
1143 1054 1247 1097 Met.
1286 1052 1368 1097 XI.
1404 1054 1560 1114 (XII.)
1598 1071 1634 1097 c.
1666 1061 1710 1096 2.
1740 1058 1799 1097 in.
1830 1050 1854 1109 ἡ
1888 1052 2086 1109 αἰσθητὴ
2118 1053 2249 1098 οὐσία

314 1120 584 1184 μὲταβλητή·
631 1121 671 1167 εἰ
704 1126 748 1167 δὲ
781 1119 805 1177 ἡ
837 1125 1053 1180 μεταβολὴ
1084 1123 1128 1166 ἐκ
1165 1124 1250 1167 τῶν
1286 1119 1584 1180 ἀντικὲιμένων
1625 1119 1651 1176 ἢ
1681 1124 1766 1166 τῶν
1794 1121 1978 1180 μεταξύ,
2015 1121 2252 1177 ἀντικειμέ-

316 1211 401 1239 νων
432 1196 476 1237 δὲ
509 1195 569 1248 μὴ
600 1190 771 1235 πάντων
813 1190 894 1243 (οὐ
925 1188 1075 1235 λευκὸν
1102 1186 1187 1249 γάρ
1218 1190 1243 1244 ἡ
1277 1188 1454 1251 φωνὴ),
1507 1186 1595 1234 ἀλλ’
1628 1195 1673 1234 ὲκ
1709 1191 1788 1234 τοῦ
1816 1194 2034 1242 ἐναντίου,
2084 1186 2251 1244 ἀνάγκή

322 1256 523 1306 ain-acme
553 1278 594 1303 τι
626 1255 676 1302 τὸ
704 1254 974 1314 μετῳῖάλλον
1002 1264 1061 1309 εἰς
1090 1255 1172 1311 τὴν
1197 1258 1456 1302 ἐναντίωσιν.
1535 1257 1597 1302 Οὐ
1627 1254 1710 1314 γὰρ
1744 1254 1800 1301 τὰ
1828 1258 2002 1302 ἐναντία
2035 1252 2254 1314 μεταβάλ-

322 1332 396 1373 λει.
439 1325 539 1371 “En
562 1322 610 1369 τὸ
634 1330 713 1382 μὲν
734 1321 950 1382 ὑπομένει,
986 1323 1034 1369 τὸ
1055 1324 1289 1370 δ’ὲναντίον
1309 1325 1386 1381 οὐχ
1410 1320 1622 1381 ὑπομένει.
1682 1322 1832 1376 ''Eg-cv
1853 1322 1960 1384 ἄρα
1983 1342 2032 1370 τι
2063 1324 2253 1382 τρίτον

319 1390 463 1452 παρὰ
502 1391 565 1437 τὰ
599 1393 850 1448 ἐναντία,
890 1393 916 1446 ἡ
949 1386 1074 1448 ὕλη,
1125 1408 1301 1447 quorum
1348 1393 1598 1448 ampliorem
1635 1395 1981 1435 commentarium
2024 1395 2134 1434 inter
2165 1391 2254 1433 alia

321 1462 550 1511 exhibent,
590 1476 700 1516 quae
733 1460 918 1516 Phys.1,
948 1477 983 1503 c.
1010 1464 1052 1502 7.
1090 1460 1282 1503 MenVI.
1313 1459 1467 1519 (VII.)
1505 1476 1540 1502 c.
1566 1464 1608 1503 7.
1638 1460 1849 1516 leguntur.
1928 1459 2102 1502 Scilicet
2137 1461 2255 1501 notio

321 1532 381 1572 rei
403 1544 524 1585 quam
549 1544 623 1582 per
643 1543 793 1570 sensus
823 1530 1010 1583 experiri
1030 1529 1234 1578 videmur,
1272 1528 1470 1570 dilabitur
1492 1530 1535 1569 in
1556 1525 1603 1571 τὸ
1625 1526 1687 1571 ὅτι
1712 1539 1753 1570 et
1771 1526 1819 1572 τὸ
1841 1526 1895 1571 τί.
1949 1523 2012 1572 Τὸ
2034 1525 2100 1572 ὅτι
2124 1527 2256 1582 (esse)

322 1606 488 1648 manet,
521 1595 568 1638 τὸ
599 1596 639 1638 τί
675 1595 915 1654 (qualitas)
951 1604 1147 1637 mutatur.
1212 1596 1335 1637 lllam
1372 1598 1408 1637 si
1442 1596 1668 1652 cogitando
1696 1597 1950 1645 retinemus,
1987 1597 2118 1637 oritur
2143 1596 2258 1636 notio

325 1665 551 1707 existentis
587 1664 803 1704 cuiusdam
852 1665 944 1705 sine
977 1664 1206 1720 qualitate,
1259 1664 1367 1719 quod
1402 1672 1544 1705 tamen
1581 1662 1827 1718 qualitatem
1869 1665 2064 1718 accipere
2100 1658 2260 1719 potest,

326 1735 618 1786 ὑποκειμένου,
665 1731 978 1772 indeterminati
1003 1746 1077 1786 per
1113 1746 1182 1781 se,
1220 1731 1295 1772 sed
1323 1732 1430 1787 quod
1463 1731 1828 1773 determinationis
1845 1746 1986 1787 capax
2005 1732 2080 1779 sit3
2117 1727 2167 1774 τὸ
2195 1733 2260 1783 τί,

326 1800 394 1842 vel
424 1809 468 1840 ut
496 1800 797 1839 accuratiorem
824 1798 1067 1840 Aristotelis
1096 1814 1217 1839 usum
1249 1814 1498 1854 sequamur,
1538 1796 1587 1841 τὸ
1616 1802 1657 1842 τί
1684 1793 1736 1852 ἦν
1761 1799 1870 1843 §ivm
1898 1799 1962 1841 est
1991 1807 2104 1840 certa
2134 1805 2260 1853 atque

331 1869 502 1909 notione
529 1865 743 1920 qualitatis
785 1867 1030 1907 individuae
1077 1865 1253 1907 definita
1281 1867 1442 1916 forma,
1480 1881 1588 1922 quae.
1627 1876 1827 1923 tanquam
1860 1865 2264 1921 „complementum

327 1933 660 1991 possibilitatis“
707 1935 932 1976 coniuncta
973 1949 1067 1976 cum
1102 1933 1180 1975 illo
1207 1929 1472 1989 ὑποκειμένῳ
1512 1933 1672 1976 efficiat
1705 1949 1795 1976 rem
1822 1934 2082 1979 individuam
2117 1932 2263 1985 talem,

329 2001 468 2058 qualis
503 2011 565 2042 est
590 2003 639 2053 κ>.
699 2000 806 2042 Cum
844 2015 945 2042 vero
977 2000 1196 2042 Platonem
1227 2003 1269 2043 in
1300 2003 1503 2043 materiae
1535 2004 1708 2046 notione
1731 2002 1934 2058 fingenda
1966 2000 2160 2043 dubitare
2199 2003 2265 2043 vi-

331 2071 531 2119 deamus,
562 2077 603 2109 et
633 2081 682 2108 ea
704 2068 869 2123 quidem
906 2069 959 2109 de
980 2083 1131 2119 causa,
1163 2071 1361 2124 quoniam
1386 2085 1410 2110 a
1442 2084 1542 2110 vera
1566 2071 1680 2121 eius,
1724 2071 1836 2126 qnod
1869 2078 1933 2113 est
1963 2071 1991 2110 i.
2011 2084 2048 2110 e.
2086 2068 2266 2125 qualita-

331 2130 383 2178 tis
418 2135 610 2177 absolute
631 2138 797 2190 positae
825 2138 996 2177 notione
1021 2138 1175 2177 invitus
1198 2138 1418 2187 desciscit,
1457 2136 1710 2179 Aristoteles
1731 2140 1772 2178 in
1794 2152 1844 2178 ea
1867 2137 2108 2190 usurpanda
2133 2136 2266 2177 multo

333 2203 412 2245 sibi
450 2205 588 2260 magis
626 2202 792 2257 placet,
829 2205 1054 2259 quoniam,
1092 2219 1173 2259 qua
1204 2207 1365 2246 ratione
1398 2204 1527 2258 illud,
1568 2206 1678 2260 quod
1709 2219 1798 2247 esse
1830 2205 1913 2245 dici
1947 2205 2102 2260 possit,
2150 2205 2270 2260 cogi-

333 2272 499 2314 tandum
523 2272 602 2322 sit,
637 2285 786 2325 parum
818 2273 950 2313 anxie
982 2274 1142 2328 quaerit
1163 2282 1203 2314 et
1223 2274 1266 2314 in
1288 2274 1459 2314 notione
1482 2274 1560 2326 τῆς
1585 2268 1735 2323 οὐσίας
1755 2272 1996 2315 adhibenda
2023 2273 2166 2314 minus
2199 2272 2271 2313 de·

463 2422 496 2462 *)
525 2420 567 2454 ln
600 2420 670 2453 hac
703 2420 897 2465 qualitatis
925 2417 1129 2451 individuae
1166 2420 1321 2453 notione
1357 2419 1558 2464 cogitando
1588 2421 1855 2465 percipiendae
1884 2420 2126 2465 praecipuum
2153 2419 2274 2453 latere

337 2477 598 2523 philosophiae
624 2476 840 2510 Platonicae
868 2482 906 2508 et
924 2476 1189 2508 Aristotelicac
1220 2477 1440 2515 discrimen,
1473 2477 1582 2509 multi
1608 2477 1679 2509 iam
1699 2481 1938 2511 monuerunt.
1987 2477 2109 2509 Etiam
2139 2476 2184 2509 de
2214 2475 2273 2510 bis

337 2545 424 2578 prae
452 2533 609 2576 reliquis
628 2533 879 2577 comparanda
905 2536 963 2565 est
996 2534 1149 2576 egregia
1179 2534 1570 2565 'suumn-:mtxnttucu
1598 2533 1815 2578 disquisitio
1845 2536 1882 2566 in
1910 2534 2006 2566 Mus.
2029 2531 2146 2564 Rhen.
2167 2531 2272 2567 'r.ll.

337 2592 448 2635 9457
469 2601 545 2633 sqq.
590 2590 660 2622 Τοῦ
685 2593 720 2622 τί
736 2587 777 2631 ἦν
801 2591 886 2622 εἶναι
908 2593 1033 2621 autem
1054 2595 1092 2622 et
1116 2590 1225 2626 εἴδους
1250 2591 1440 2624 notionem
1464 2590 1535 2630 ibi,
1561 2590 1625 2623 ubi
1643 2591 1766 2623 forma
1788 2602 1829 2624 se
1851 2592 1905 2623 ita
1928 2588 2085 2627 evolvit,
2116 2591 2156 2620 ut
2175 2588 2275 2620 evol·

335 2646 444 2679 vendi
469 2648 579 2677 linem
600 2649 637 2677 et
670 2656 818 2694 scopum
848 2646 884 2678 in
918 2655 957 2678 se
980 2646 1062 2688 ipsa
1088 2647 1301 2685 contineat,
1346 2650 1478 2689 sponte
1507 2647 1616 2691 quasi
1653 2648 1756 2681 abire
1789 2648 1827 2679 in
1854 2646 2054 2686 ἐντελεχείας
2083 2644 2276 2676 notionem

337 2703 500 2735 breviter
530 2702 718 2734 monuisse
751 2701 927 2733 sufficiat.
994 2701 1048 2734 Cf.
1073 2703 1450 2735 'l'artxnssnaxssuncr
1476 2703 1756 2737 dissertationis
1782 2702 1804 2737 l.
1833 2702 1857 2736 l.
1889 2704 1927 2734 et
1951 2700 2127 2733 Rr‘rrssnr
2151 2697 2276 2733 Gescla.

338 2758 370 2791 d.
394 2757 527 2790 I'ltilos.
555 2757 601 2792 Τ,
626 2757 692 2796 lll,
720 2768 754 2800 p.
780 2758 895 2790 160—
913 2758 987 2790 165.
