2352 3254
704 177 1338 233 —19-—

61 319 307 365 Aristotelis
329 319 480 361 honori
495 316 650 374 aliquid
674 317 906 358 detractum
928 330 1024 358 esse
1045 316 1321 366 existimetis3
1349 330 1481 372 neque
1504 317 1613 358 enim
1643 330 1750 374 quae
1775 330 1886 368 eum,
1921 316 1992 371 qui

61 391 115 431 ad
136 389 404 445 quaestiones
429 385 745 442 philosophicas
784 384 972 436 accedit,
1003 385 1125 427 decet
1155 386 1286 426 animi
1322 383 1520 436 libertas,
1565 387 1622 425 ita
1654 384 1770 427 iubet
1802 394 1988 427 veterum

54 458 286 499 sententias
304 470 432 497 coeca
462 454 741 495 admiratione
769 454 1009 507 suspicere,
1056 462 1100 494 ut
1128 455 1318 493 veritatis
1350 453 1675 508 investigandae
1707 452 1897 494 laborem
1933 450 1985 493 ab

53 526 108 566 iis
130 523 250 565 nobis
272 531 537 578 praereptum
561 535 654 562 esse
678 530 897 577 putemus,
926 534 1062 575 neque
1081 519 1282 561 historiae
1302 529 1574 574 systematum
1598 519 1987 576 philosophicorum

53 594 92 634 is
115 605 216 633 usus
237 599 278 632 et
303 590 476 632 ultimus
496 588 594 630 finis
618 597 706 639 est,
734 597 778 629 ut
799 587 897 643 quid
923 586 996 628 alii
1020 588 1265 640 docuerint,
1309 590 1514 629 memoria
1546 596 1793 636 teneamus,
1834 589 1908 629 sed
1942 597 1985 628 ut

54 673 111 701 ex
122 658 417 714 iisindagandi
440 665 481 698 et
499 655 1016 711 quaerendiincitamenta
1031 664 1291 709 repetamus.
1326 656 1475 697 Restat
1492 655 1548 705 id,
1569 655 1678 711 quod
1692 658 1773 697 mei
1795 656 1983 696 muneris

52 736 138 776 est,
175 736 219 767 ut
240 727 353 777 Vos,
389 725 470 766 viri
503 724 760 774 doctissimi,
799 724 869 778 qui
900 722 1050 763 studiis
1074 721 1256 764 feliciter
1275 725 1461 778 peractis
1482 724 1534 765 ad
1558 737 1744 764 summos
1778 724 1821 764 in
1845 722 1982 777 philo·

50 793 204 849 sophia
226 793 412 834 honores
443 791 688 846 adspiratis,
715 791 768 831 ad
787 791 984 831 examina
1007 788 1220 831 solemnia
1242 789 1460 832 subeunda
1483 792 1671 832 invitem.
1740 789 1888 846 Itaque
1916 804 1981 830 ro-

50 877 130 918 go,
159 870 225 912 ut,
264 873 438 916 quorum
465 861 638 900 interest
668 858 750 900 hac
777 858 836 898 uti
867 858 1202 912 opportunitate,
1239 868 1336 899 ante
1371 859 1483 900 diem
1518 857 1687 900 XXHI.
1716 873 1771 900 m.
1793 857 1983 899 Ianuarii

49 930 151 970 anni
171 929 354 984 proximi
377 929 550 968 nomina
565 925 841 982 profiteantur
861 924 1090 980 literasque
1111 926 1162 966 ad
1184 940 1251 967 me
1273 926 1383 976 dent,
1415 925 1563 982 quibus
1576 926 1781 967 admissio
1802 926 1855 967 ad
1877 939 1982 966 exa-

50 998 167 1038 mina
189 994 243 1038 ab
267 996 414 1036 ordine
437 1005 581 1036 nostro
602 994 784 1049 petenda
807 1002 894 1044 est,
931 994 1108 1034 adiectis
1130 993 1253 1034 simul
1284 993 1654 1050 inscriptionibus,
1702 1008 1811 1050 quae
1840 993 1982 1034 dieun-

49 1074 127 1114 tur,
151 1071 191 1104 et
215 1078 377 1104 morum
389 1078 437 1104 ac
450 1063 681 1104 studiorum
696 1061 949 1104 testimoniis
960 1060 1243 1116 brevibusque
1256 1063 1432 1103 vitarum
1446 1061 1788 1104 erarrationibus.
1815 1061 1982 1102 Deinde

48 1146 140 1173 cum
163 1130 367 1172 solemnis
388 1132 429 1172 in
454 1131 614 1171 ordinis
635 1138 844 1171 conventu
868 1130 1016 1182 petitio
1046 1129 1158 1169 dicto
1188 1130 1257 1169 die
1287 1130 1366 1170 rite
1394 1140 1566 1184 peracta
1596 1130 1743 1180 fuerit,
1790 1129 1979 1169 eiusdem

46 1201 206 1241 mensis
225 1199 293 1240 die
316 1198 463 1240 XXV.
484 1207 526 1238 et
545 1197 710 1252 quidem
750 1196 867 1237 horis
889 1196 1106 1236 matutinis
1137 1195 1361 1238 scribendo
1376 1228 1388 1249 ,
1417 1197 1723 1252 pomeridianis
1745 1197 1796 1237 ad
1826 1209 1982 1250 propo-

44 1268 147 1308 sitas
160 1267 432 1322 quaestiones
452 1264 767 1320 respondendo,
791 1271 993 1318 quantum
1013 1264 1055 1304 in
1071 1262 1206 1305 literis
1221 1264 1501 1319 profeceritis,
1520 1263 1742 1306 docebitis.
1781 1261 1979 1304 Ceterum

43 1344 84 1376 et
104 1333 365 1391 collegarum
387 1331 751 1387 amplissimorum
770 1341 810 1373 et
833 1344 970 1372 meam
987 1329 1244 1374 voluntatem
1266 1346 1521 1388 persuasum
1542 1331 1734 1375 habeatis
1753 1333 1901 1374 vestris
1915 1345 1978 1372 re—

45 1401 122 1443 bus
145 1417 228 1443 non
255 1416 351 1443 esse
374 1398 627 1443 defuturam.

183 1536 228 1578 P.
251 1536 295 1578 P.
324 1537 368 1577 in
401 1534 532 1577 Acad.
552 1534 770 1591 Lipsiensi
798 1533 910 1576 dom.
930 1533 964 1575 Ι.
985 1532 1093 1575 Adv.
1116 1533 1150 1575 Ι.
1178 1533 1226 1577 C.
1249 1549 1286 1576 a.
1308 1532 1609 1577 MDCCCXL.
