2352 3254
1009 185 1093 240 1?

78 324 131 368 ad
160 322 443 367 universalem
484 324 699 366 notionem
734 322 965 366 relationes
999 325 1164 380 logicas
1197 325 1251 366 ad
1284 327 1471 381 ipsarum
1508 343 1643 373 rerum
1674 335 1940 388 partitionem
1976 348 2017 381 et

78 394 427 448 compositi-:mem
463 393 691 433 transferre
724 393 898 433 minime
932 391 1151 434 dubitavit.
1223 392 1290 434 De
1311 394 1392 436 hae
1413 410 1459 436 re
1497 401 1725 454 praecipue
1756 405 2016 448 conferenda

77 469 198 509 sunt,
230 474 338 514 quae
370 460 473 501 Met.
497 459 574 501 VI.
600 459 749 514 (vll.)
784 464 924 502 c.10.
963 460 1232 516 disputantur
1262 463 1316 504 ad
1348 462 1643 507 illustrandam
1678 473 2011 525 propositionem

77 526 208 569 hanc:
244 530 328 570 ἕπε’
302 545 332 571 ι
354 530 398 570 δὲ
415 524 592 584 ὁρισμὸς
624 525 753 583 λόγος
774 527 856 579 ἕςὶ,
891 528 977 579 πᾶς
996 529 1042 571 δὲ
1072 527 1095 572 ὁ
1114 522 1245 584 λόγος
1265 534 1371 588 μέρη
1392 534 1499 588 ἔχει·
1540 532 1596 584 ὡς
1626 535 1716 578 δὲ(
1697 553 1720 578 ο
1744 536 1874 593 λόγος
1904 543 2013 600 πρὸς

77 592 126 638 τὸ
157 595 360 652 πρᾶγμα,
402 598 472 638 καὶ
503 597 552 638 τὸ
573 613 625 651 με
630 612 704 651 ρος
722 593 800 638 τοῦ
820 589 954 650 λόγου
982 592 1091 652 πρὸς
1119 591 1169 639 τὸ
1193 597 1321 655 μέρος
1337 600 1419 643 τοῦ
1446 594 1703 656 πράγματος
1733 603 1892 681 ομοίως
1914 608 2010 666 ἔχει,

75 657 299 720 ἀπορεῖται
319 660 412 716 ἤδη,
433 660 617 721 πότερον
637 665 705 705 δεῖ
717 657 794 705 τὸν
813 664 898 706 τῶν
914 665 1055 722 μερῶν
1065 661 1196 719 λόγον
1215 664 1467 724 ἐνυπάρχειν
1486 673 1532 711 ὲν
1546 668 1606 728 τῷ
1624 669 1702 713 τοῦ
1723 665 1826 715 ὅλου
1846 673 1959 731 λόγω
1982 674 2011 731 ἢ

75 726 144 774 οὕ.
212 730 261 772 In
291 729 565 786 sequentibus
587 731 811 771 ostendere
841 732 1001 780 studet,
1041 733 1121 774 τοῦ
1139 733 1282 784 εἴδους
1303 737 1377 778 καὶ
1401 736 1452 778 οὑ
1472 735 1495 779 6
1517 735 1645 791 λόγος
1662 740 1770 797 μέρη
1801 755 1885 782 non
1912 759 2008 786 esse

75 798 249 840 easdem
271 813 364 839 cum
384 798 463 840 τοῦ
483 795 667 841 συνόλου
692 797 897 852 partibuS,
926 808 1133 854 quatenus
1158 801 1202 841 id
1227 815 1283 841 ex
1305 805 1485 843 materia
1510 813 1551 845 et
1578 806 1717 849 forma
1730 811 2009 864 compositum

75 875 154 907 est.
220 865 387 907 Deinde
408 865 545 906 addit.
578 860 687 909 ὥσθ’
714 864 796 909 ὅσα
818 869 894 921 μὲν
920 867 1028 923 μέρη
1062 866 1119 917 ὠς
1138 864 1217 921 ὕλη
1240 870 1312 912 καὶ
1341 869 1400 920 εἷς
1420 865 1450 912 α’
1480 873 1688 929 διαρέἴται
1716 867 1774 926 ὡς
1801 874 1860 927 εἷς
1886 872 2007 933 ὕλην,

72 948 224 1012 υςερα
256 927 341 977 όσα
362 934 407 976 δὲ
430 928 488 984 ὠς
510 934 588 976 τοῦ
606 928 685 988 λό)
689 950 738 976 ου
759 939 832 978 και
855 950 934 987 της
954 932 1108 985 οὐσίας
1129 933 1207 986 τῆς
1229 933 1340 979 κατὰ
1361 933 1436 981 τὸν
1464 937 1541 994 λόγ
1544 956 1608 993 ον,
1629 940 1819 1024 πρότιερα
1848 939 1913 997 ἢ
1901 962 2010 990 παν-

74 1017 132 1044 τα
149 998 178 1053 η
200 999 303 1044 ἑνια.
352 1001 441 1045 ἐπεὶ
464 1003 513 1044 δὲ
533 996 559 1054 ἡ
582 1002 665 1044 τῶν
696 997 815 1053 ζώων
844 998 966 1062 ψυχὴ
999 1020 1024 1055 η
1049 999 1160 1045 κατὰ
1190 1000 1268 1046 τὸν
1296 1002 1426 1060 λόγον
1446 1001 1572 1050 οὐσία
1602 1026 1674 1051 και
1705 1007 1755 1053 τὸ
1784 1008 1898 1063 εἶδος
1933 1018 2007 1060 καὶ

73 1068 126 1111 τὸ
148 1067 189 1110 τί
222 1062 275 1122 ἦν
296 1066 403 1114 εἶναι
436 1067 497 1124 τῷ
525 1064 710 1124 τοιούτῳ
738 1066 928 1125 σώματι,
979 1069 1135 1120 ἑκάςου
1155 1070 1265 1124 γοῦν
1295 1069 1343 1115 τὸ
1371 1074 1500 1131 μέρος
1529 1071 1606 1119 ἐαν
1636 1071 1821 1134 ὁρίζεται
1850 1083 2005 1136 καλῶς,

76 1135 154 1180 οὐκ
175 1131 302 1180 α’νευ
333 1134 432 1179 τοῦ
463 1140 629 1194 ἔργου
657 1136 844 1193 ὁριεῖται.
888 1137 1009 1178 Haec
1030 1139 1068 1178 si
1088 1140 1306 1193 sequimur
1327 1148 1369 1179 et
1391 1155 1458 1195 ea,
1483 1157 1592 1197 quae
1612 1158 1738 1199 supra
1762 1149 1826 1201 (p.
1849 1151 1900 1189 11
1923 1154 2003 1205 sq.)

72 1206 273 1257 exposita
296 1214 406 1255 sunt,
436 1205 479 1244 in
512 1204 718 1245 auxilium
740 1218 964 1254 vocamuS,
1000 1207 1084 1257 via,
1108 1220 1192 1261 qua
1213 1205 1470 1249 Aristoteles
1504 1211 1556 1251 ad
1580 1213 1793 1254 notionem
1821 1214 2005 1268 plurium

71 1273 239 1312 animae
259 1270 507 1313 facultatum
530 1271 733 1313 deductus
762 1286 858 1312 esse
883 1273 1070 1325 videtur,
1116 1288 1192 1328 per
1222 1275 1393 1330 singula
1419 1278 1540 1332 quasi
1567 1280 1705 1321 stadia
1734 1282 1794 1321 ita
1823 1281 2006 1326 breviter

71 1339 269 1394 insigniri
296 1340 469 1394 poterit:
517 1338 773 1394 Βίείίηςηιιε
794 1344 978 1381 animam
997 1356 1024 1382 α
1044 1355 1244 1395 corpore,
1283 1346 1578 1398 complecturos
1595 1353 1741 1390 varias
1750 1349 2005 1403 phaenome-

72 1420 220 1448 norum
245 1407 542 1462 psychicorum
583 1409 738 1449 classes
761 1407 834 1448 snb
863 1408 1098 1449 notionibus
1125 1408 1191 1450 less
1223 1411 1428 1453 classibus
1455 1415 1826 1469 respondentibus,
1865 1419 2006 1462 deler-

72 1488 202 1516 netues
231 1471 292 1518 τὸ
323 1474 376 1517 τί
406 1465 467 1526 ἦν
500 1473 647 1518 εἶναι
683 1489 851 1517 annuae
878 1490 965 1530 per
991 1475 1069 1517 has
1107 1481 1297 1519 noloeones
1325 1485 1525 1534 {anquam
1560 1488 1706 1534 notas,
1756 1487 2006 1536 transferas

73 1558 170 1596 της
202 1539 394 1593 αἰτίας
429 1549 471 1584 ec
502 1541 594 1596 τῆς
627 1542 800 1600 ἀρχῆς
825 1548 1012 1584 notiones
1045 1543 1099 1585 ab
1127 1550 1270 1587 anima
1295 1547 1357 1588 ad
1385 1546 1462 1588 ltus
1493 1555 1637 1598 nolas,
1677 1564 1763 1604 per
1782 1566 1887 1607 quas
1913 1569 2004 1597 ems

74 1611 260 1666 qmelclas
277 1612 561 1652 determmata
583 1618 658 1660 est,
681 1618 722 1652 ec
742 1610 913 1652 habebis
935 1616 1003 1652 ιη
1006 1626 1049 1652 es
1071 1625 1243 1654 anemae
1267 1619 1430 1656 aclevas
1449 1620 1550 1669 ipsis
1563 1615 1866 1671 phaenomena·
1885 1627 2003 1676 prio-

74 1691 159 1728 res,
194 1692 301 1733 qnae
317 1692 407 1719 cnm
425 1692 506 1733 per
516 1692 562 1719 se
583 1685 737 1733 etsegr
741 1692 793 1733 eg
796 1684 899 1719 celae
917 1694 945 1720 a
958 1693 1136 1734 corpore
1147 1694 1229 1721 non
1242 1688 1390 1735 ayant,
1425 1682 1603 1738 denique
1620 1694 1926 1730 comnmlmclur
1949 1695 2003 1732 in

61 1746 140 1796 fa
153 1747 300 1787 culta
313 1752 396 1787 tes
414 1750 442 1787 ε’.
457 1760 492 1787 e.
514 1751 559 1788 in
578 1760 705 1797 vlres,
743 1760 852 1801 quae
876 1760 1013 1800 agere
1026 1755 1269 1802 possunt.
1303 1747 1410 1790 Cum
1431 1748 1498 1791 his
1521 1755 1799 1803 consentiunt,
1821 1770 1928 1811 quae
1950 1758 2004 1799 de

75 1815 205 1853 anim.
219 1812 272 1854 ll.
287 1828 322 1854 c.
336 1817 379 1855 3.
368 1843 395 1864 .,
415 1821 638 1868 postquam
655 1816 833 1862 monuit,
854 1828 935 1855 non
949 1813 1147 1857 omnibus
1162 1815 1418 1857 animalibus
1430 1831 1822 1875 omnescompetere
1834 1826 2003 1866 animae

71 1879 320 1932 facultates,
351 1881 532 1935 profert:
562 1879 695 1934 δηλον
716 1875 793 1924 οὖν
824 1878 889 1923 ὅτι
920 1877 995 1924 τὸν
1017 1881 1153 1926 αὑτὸν
1178 1880 1340 1939 τρόπον
1369 1880 1428 1934 εἷς
1455 1881 1512 1929 ἀν
1540 1886 1601 1939 sci]
1630 1884 1758 1943 λόγος
1779 1902 1931 1949 ψυχης
1958 1909 2001 1936 τε

72 1949 144 1992 καὶ
166 1946 406 2005 σχήματος·
427 1944 633 2027 οὔτεγὰρ
656 1949 716 1991 ἐκ
721 1957 738 1992 ῖ
758 1947 904 2004 σχῆμα
932 1945 1081 2005 παρὰ
1105 1945 1153 1992 τὸ
1181 1950 1276 2006 τρί)
1279 1949 1389 1994 ωιόν
1421 1957 1481 2003 ἐςι
1509 1969 1580 1996 και
1609 1950 1665 1998 τὰ
1699 1957 1871 2016 ἐφεξῆς,
1906 1956 2002 2004 οὔτε

73 2017 271 2060 ἐνταῦθα
280 2012 410 2096 ψυγη
430 2011 548 2072 παρὰ
571 2014 646 2066 τὰς
665 2014 902 2074 εἰρημένας.
966 2016 1128 2071 γίνοιτο
1162 2013 1206 2060 δ
1223 2014 1280 2061 ἁν
1305 2022 1376 2061 καὶ
1405 2022 1474 2063 ἐπὶ
1505 2020 1591 2065 τῶν
1610 2023 1842 2080 σχημάτων
1871 2025 2002 2082 λόγος

73 2079 239 2135 κοινὸς,
276 2079 324 2134 ὃς
354 2081 590 2143 ἐφαρμόσει
624 2087 704 2139 μὲν
734 2085 888 2135 πᾶσιν,
928 2083 1039 2134 ἴδιος
1068 2085 1112 2126 ὁὲ
1148 2081 1359 2137 οὐδενὸς
1344 2087 1438 2138 ε’ςαι
1462 2103 1696 2144 σχηματος.
1768 2093 1928 2147 ὁμοίως
1954 2096 2001 2140 δὲ

73 2154 148 2196 καὶ
167 2152 232 2195 ἐπὶ
255 2155 348 2202 ταῖς
366 2151 608 2208 ειρημέναις
628 2155 803 2213 ψυχαῖς.
870 2148 938 2194 ὁιὸ
957 2154 1126 2208 γελοῖον
1149 2153 1285 2206 ζητεῖν
1307 2157 1382 2197 τὸν
1402 2153 1548 2200 κοινὸν
1566 2156 1697 2212 λόγον
1717 2163 1790 2203 καὶ
1808 2164 1874 2205 ἐπὶ
1897 2161 2001 2206 τού-

74 2235 159 2263 των
179 2220 250 2262 ua>
273 2216 345 2278 ἐφ’
379 2220 547 2277 ἑτέρων·
582 2217 630 2270 ὃς
657 2215 826 2270 οὐδενός
856 2224 916 2270 ὲςι
947 2218 1032 2263 τῶν
1061 2216 1197 2264 ὄντων
1224 2221 1332 2273 ἴδιος
1365 2220 1505 2278 λόγος.
1571 2224 1668 2267 Hoc
1698 2227 1827 2283 igitur
1857 2240 2001 2273 monet

71 2285 352 2340 Aristoteles,
379 2288 506 2328 istam
529 2287 816 2329 universalem
837 2289 1053 2328 notionem
1074 2289 1245 2330 animae
1276 2288 1435 2347 (λόγον
1453 2287 1734 2349 κοινότατον)
1766 2310 1849 2338 non
1879 2297 1998 2340 suffi-

73 2370 191 2405 cere,
226 2356 325 2406 sed,
360 2353 460 2397 licet
480 2369 564 2396 non
586 2356 803 2409 inutilem,
833 2356 1196 2397 determinandam
1224 2366 1368 2398 tamen
1397 2373 1494 2400 esse
1523 2375 1599 2414 per
1633 2376 1707 2403 eas
1737 2373 1885 2418 notas,
1922 2380 2000 2420 per

71 2437 178 2480 quas
207 2422 330 2463 huius
355 2422 420 2463 vel
442 2422 555 2464 illius
576 2423 772 2465 animalis
794 2425 920 2465 vitam
946 2425 1193 2480 insignitam
1223 2440 1319 2466 esse
1341 2429 1626 2482 experiamur.
1698 2428 1783 2473 Sed
1813 2433 1871 2474 ita
1902 2433 1999 2475 Ari-

72 2489 246 2532 stoteles
266 2505 290 2531 a
309 2489 473 2531 theoria
495 2491 548 2531 ad
569 2493 877 2545 experientiam
901 2490 1073 2547 ablegat
1090 2491 1292 2534 lectorem
1314 2503 1354 2535 et
1373 2508 1545 2548 prorsus
1576 2511 1718 2538 carere
1747 2502 1886 2555 potuit
1915 2502 1999 2546 τῶν

69 2556 292 2615 δυνάμεων
311 2556 387 2610 τῆς
410 2559 553 2617 ψυχῆς
580 2561 776 2611 notione,
811 2574 935 2615 quam
967 2561 1140 2601 omnino
1172 2574 1257 2602 non
1290 2561 1555 2604 adhibiturus
1585 2565 1757 2619 fuisset,
1796 2569 1832 2608 si
1864 2578 1999 2611 muta-

72 2627 202 2667 tionis
223 2626 586 2667 animadversioni
609 2641 655 2668 se
675 2627 923 2668 subtrahere
944 2629 1165 2683 potuisset.
1235 2626 1330 2677 Qua
1351 2630 1402 2670 de
1422 2645 1466 2671 re
1488 2630 1564 2672 illa
1584 2630 1802 2688 δυναμεως
1824 2638 1998 2678 notione

76 2707 130 2734 ne
155 2693 223 2735 hic
250 2695 417 2749 quidem
445 2693 653 2743 abstinet3
684 2697 826 2736 statim
859 2697 972 2736 enim
1004 2696 1123 2737 addit
1150 2705 1349 2752 tanquam
1375 2698 1566 2754 regulam
1588 2702 1896 2745 univzersalem
1933 2699 1999 2746 ἀεὶ

75 2761 121 2806 ἓν
143 2762 202 2821 τῶ
220 2762 369 2822 ὲᾳεξῆς
388 2756 565 2822 ἱπάρχει
588 2758 762 2820 δυναμει
783 2759 831 2806 τὸ
852 2762 1081 2823 πρότερον,
1117 2762 1187 2806 ἐπί
1215 2765 1367 2809 τετῶν
1389 2766 1618 2822 σχημάτων
1651 2771 1722 2812 καὶ
1754 2787 1838 2814 των
1859 2769 2001 2833 ὲιιψύ-

1417 2833 1452 2874 C
