<?xml version="1.0" encoding="UTF-8"?>
<!DOCTYPE html PUBLIC "-//W3C//DTD XHTML 1.0 Transitional//EN"
    "http://www.w3.org/TR/xhtml1/DTD/xhtml1-transitional.dtd">
<html xmlns="http://www.w3.org/1999/xhtml" xml:lang="en" lang="en">
 <head>
  <title>
</title>
<meta http-equiv="Content-Type" content="text/html;charset=utf-8" />
  <meta name='ocr-system' content='tesseract 3.04.00' />
  <meta name='ocr-capabilities' content='ocr_page ocr_carea ocr_par ocr_line ocrx_word'/>
</head>
<body>
  <div class='ocr_page' id='page_1' title='image "./depsychologiaevu00hartuoft_0007.png"; bbox 0 0 2352 3254; ppageno 0'>
   <div class='ocr_carea' id='block_1_1' title="bbox 77 913 2038 2831">
    <p class='ocr_par' dir='ltr' id='par_1_1' title="bbox 77 913 2038 2831">
     <span class='ocr_line' id='line_1_1' title="bbox 79 913 2020 996; baseline 0.002 -15"><span class='ocrx_word' id='word_1_1' title='bbox 79 913 413 994; x_wconf 83' lang='lat' dir='ltr'>Philosophiae</span> <span class='ocrx_word' id='word_1_2' title='bbox 448 939 560 994; x_wconf 89' lang='lat' dir='ltr'>parti</span> <span class='ocrx_word' id='word_1_3' title='bbox 588 937 844 982; x_wconf 80' lang='lat' dir='ltr'>theoreticae</span> <span class='ocrx_word' id='word_1_4' title='bbox 867 952 991 996; x_wconf 90' lang='lat' dir='ltr'>quum</span> <span class='ocrx_word' id='word_1_5' title='bbox 1027 935 1135 979; x_wconf 85' lang='lat' dir='ltr'>illud</span> <span class='ocrx_word' id='word_1_6' title='bbox 1166 937 1221 978; x_wconf 86' lang='lat' dir='ltr'>sit</span> <span class='ocrx_word' id='word_1_7' title='bbox 1240 935 1428 980; x_wconf 85' lang='lat' dir='ltr'>officium</span> <span class='ocrx_word' id='word_1_8' title='bbox 1452 946 1492 979; x_wconf 91' lang='lat' dir='ltr'>et</span> <span class='ocrx_word' id='word_1_9' title='bbox 1517 939 1640 995; x_wconf 83' lang='lat' dir='ltr'>quasi</span> <span class='ocrx_word' id='word_1_10' title='bbox 1662 952 1838 993; x_wconf 89' lang='lat' dir='ltr'>munus,</span> <span class='ocrx_word' id='word_1_11' title='bbox 1872 951 1919 985; x_wconf 88' lang='lat' dir='ltr'>ut</span> <span class='ocrx_word' id='word_1_12' title='bbox 1950 954 2020 984; x_wconf 53' lang='grc' dir='ltr'>τοι·</span> 
     </span>
     <span class='ocr_line' id='line_1_2' title="bbox 77 1006 2020 1064; baseline 0.002 -14"><span class='ocrx_word' id='word_1_13' title='bbox 77 1023 173 1050; x_wconf 89' lang='lat' dir='ltr'>rum</span> <span class='ocrx_word' id='word_1_14' title='bbox 204 1007 459 1049; x_wconf 80' lang='lat' dir='ltr'>naturalium</span> <span class='ocrx_word' id='word_1_15' title='bbox 483 1008 622 1050; x_wconf 88' lang='lat' dir='ltr'>fontes</span> <span class='ocrx_word' id='word_1_16' title='bbox 644 1017 685 1049; x_wconf 87' lang='lat' dir='ltr'>et</span> <span class='ocrx_word' id='word_1_17' title='bbox 704 1009 914 1063; x_wconf 87' lang='lat' dir='ltr'>principia</span> <span class='ocrx_word' id='word_1_18' title='bbox 935 1014 1236 1063; x_wconf 81' lang='lat' dir='ltr'>perscrutetur,</span> <span class='ocrx_word' id='word_1_19' title='bbox 1272 1007 1382 1048; x_wconf 90' lang='lat' dir='ltr'>inter</span> <span class='ocrx_word' id='word_1_20' title='bbox 1411 1016 1576 1048; x_wconf 80' lang='lat' dir='ltr'>veteres</span> <span class='ocrx_word' id='word_1_21' title='bbox 1602 1006 1877 1064; x_wconf 87' lang='lat' dir='ltr'>philosophos</span> <span class='ocrx_word' id='word_1_22' title='bbox 1895 1025 2020 1053; x_wconf 90' lang='lat' dir='ltr'>nemo</span> 
     </span>
     <span class='ocr_line' id='line_1_3' title="bbox 80 1075 2021 1132; baseline 0.002 -14"><span class='ocrx_word' id='word_1_23' title='bbox 80 1076 162 1118; x_wconf 91' lang='lat' dir='ltr'>hoc</span> <span class='ocrx_word' id='word_1_24' title='bbox 192 1078 366 1117; x_wconf 90' lang='lat' dir='ltr'>nomine</span> <span class='ocrx_word' id='word_1_25' title='bbox 399 1076 569 1132; x_wconf 87' lang='lat' dir='ltr'>dignior</span> <span class='ocrx_word' id='word_1_26' title='bbox 593 1090 688 1116; x_wconf 90' lang='lat' dir='ltr'>esse</span> <span class='ocrx_word' id='word_1_27' title='bbox 716 1077 902 1131; x_wconf 76' lang='lat' dir='ltr'>videtur,</span> <span class='ocrx_word' id='word_1_28' title='bbox 941 1089 1066 1129; x_wconf 83' lang='lat' dir='ltr'>quam</span> <span class='ocrx_word' id='word_1_29' title='bbox 1082 1075 1411 1126; x_wconf 71' lang='lat' dir='ltr'>Ams&#39;ro‘rELEs,</span> <span class='ocrx_word' id='word_1_30' title='bbox 1450 1075 1567 1115; x_wconf 88' lang='lat' dir='ltr'>cuius</span> <span class='ocrx_word' id='word_1_31' title='bbox 1599 1078 1756 1130; x_wconf 87' lang='lat' dir='ltr'>scripta</span> <span class='ocrx_word' id='word_1_32' title='bbox 1787 1076 1886 1120; x_wconf 90' lang='lat' dir='ltr'>licet</span> <span class='ocrx_word' id='word_1_33' title='bbox 1915 1089 2021 1120; x_wconf 90' lang='lat' dir='ltr'>tem-</span> 
     </span>
     <span class='ocr_line' id='line_1_4' title="bbox 78 1140 2023 1200; baseline 0.002 -15"><span class='ocrx_word' id='word_1_34' title='bbox 78 1145 194 1200; x_wconf 85' lang='lat' dir='ltr'>poris</span> <span class='ocrx_word' id='word_1_35' title='bbox 222 1145 379 1184; x_wconf 84' lang='lat' dir='ltr'>iniuria</span> <span class='ocrx_word' id='word_1_36' title='bbox 410 1152 604 1197; x_wconf 89' lang='lat' dir='ltr'>corrupta</span> <span class='ocrx_word' id='word_1_37' title='bbox 628 1151 670 1183; x_wconf 87' lang='lat' dir='ltr'>et</span> <span class='ocrx_word' id='word_1_38' title='bbox 701 1142 920 1194; x_wconf 83' lang='lat' dir='ltr'>mutilata,</span> <span class='ocrx_word' id='word_1_39' title='bbox 957 1156 1085 1198; x_wconf 85' lang='lat' dir='ltr'>quam</span> <span class='ocrx_word' id='word_1_40' title='bbox 1123 1140 1348 1182; x_wconf 89' lang='lat' dir='ltr'>mirificam</span> <span class='ocrx_word' id='word_1_41' title='bbox 1379 1140 1635 1183; x_wconf 85' lang='lat' dir='ltr'>observandi</span> <span class='ocrx_word' id='word_1_42' title='bbox 1663 1144 1956 1188; x_wconf 78' lang='lat' dir='ltr'>assiduitatem</span> <span class='ocrx_word' id='word_1_43' title='bbox 1981 1157 2023 1188; x_wconf 91' lang='lat' dir='ltr'>et</span> 
     </span>
     <span class='ocr_line' id='line_1_5' title="bbox 80 1209 2024 1267; baseline 0.002 -15"><span class='ocrx_word' id='word_1_44' title='bbox 80 1212 311 1267; x_wconf 85' lang='lat' dir='ltr'>quaerendi</span> <span class='ocrx_word' id='word_1_45' title='bbox 342 1209 578 1252; x_wconf 81' lang='lat' dir='ltr'>sollertiam</span> <span class='ocrx_word' id='word_1_46' title='bbox 601 1210 781 1264; x_wconf 87' lang='lat' dir='ltr'>prodant</span> <span class='ocrx_word' id='word_1_47' title='bbox 809 1212 921 1252; x_wconf 90' lang='lat' dir='ltr'>inter</span> <span class='ocrx_word' id='word_1_48' title='bbox 955 1222 1105 1250; x_wconf 90' lang='lat' dir='ltr'>omnes</span> <span class='ocrx_word' id='word_1_49' title='bbox 1134 1217 1309 1250; x_wconf 87' lang='lat' dir='ltr'>constat.</span> <span class='ocrx_word' id='word_1_50' title='bbox 1399 1209 1652 1252; x_wconf 84' lang='lat' dir='ltr'>Aristoteles</span> <span class='ocrx_word' id='word_1_51' title='bbox 1689 1214 1799 1252; x_wconf 90' lang='lat' dir='ltr'>enim</span> <span class='ocrx_word' id='word_1_52' title='bbox 1831 1216 2024 1256; x_wconf 90' lang='lat' dir='ltr'>omnium</span> 
     </span>
     <span class='ocr_line' id='line_1_6' title="bbox 79 1275 2025 1335; baseline 0.002 -14"><span class='ocrx_word' id='word_1_53' title='bbox 79 1279 169 1321; x_wconf 78' lang='lat' dir='ltr'>fere</span> <span class='ocrx_word' id='word_1_54' title='bbox 201 1281 361 1335; x_wconf 88' lang='lat' dir='ltr'>primus</span> <span class='ocrx_word' id='word_1_55' title='bbox 393 1278 446 1318; x_wconf 88' lang='lat' dir='ltr'>ad</span> <span class='ocrx_word' id='word_1_56' title='bbox 478 1292 619 1319; x_wconf 89' lang='lat' dir='ltr'>rerum</span> <span class='ocrx_word' id='word_1_57' title='bbox 653 1277 914 1319; x_wconf 84' lang='lat' dir='ltr'>naturalium</span> <span class='ocrx_word' id='word_1_58' title='bbox 954 1279 1203 1318; x_wconf 83' lang='lat' dir='ltr'>varietatem</span> <span class='ocrx_word' id='word_1_59' title='bbox 1245 1285 1287 1318; x_wconf 90' lang='lat' dir='ltr'>et</span> <span class='ocrx_word' id='word_1_60' title='bbox 1314 1275 1625 1319; x_wconf 86' lang='lat' dir='ltr'>multitudinem</span> <span class='ocrx_word' id='word_1_61' title='bbox 1666 1279 1724 1320; x_wconf 84' lang='lat' dir='ltr'>ita</span> <span class='ocrx_word' id='word_1_62' title='bbox 1764 1294 1811 1321; x_wconf 88' lang='lat' dir='ltr'>se</span> <span class='ocrx_word' id='word_1_63' title='bbox 1850 1296 2025 1324; x_wconf 88' lang='lat' dir='ltr'>conver-</span> 
     </span>
     <span class='ocr_line' id='line_1_7' title="bbox 80 1344 2026 1402; baseline 0.002 -13"><span class='ocrx_word' id='word_1_64' title='bbox 80 1349 152 1399; x_wconf 88' lang='lat' dir='ltr'>tit,</span> <span class='ocrx_word' id='word_1_65' title='bbox 193 1356 237 1389; x_wconf 92' lang='lat' dir='ltr'>ut</span> <span class='ocrx_word' id='word_1_66' title='bbox 264 1360 360 1396; x_wconf 90' lang='lat' dir='ltr'>eas,</span> <span class='ocrx_word' id='word_1_67' title='bbox 398 1347 434 1387; x_wconf 92' lang='lat' dir='ltr'>si</span> <span class='ocrx_word' id='word_1_68' title='bbox 466 1345 561 1388; x_wconf 90' lang='lat' dir='ltr'>fieri</span> <span class='ocrx_word' id='word_1_69' title='bbox 593 1354 766 1400; x_wconf 88' lang='lat' dir='ltr'>posset,</span> <span class='ocrx_word' id='word_1_70' title='bbox 811 1344 1005 1402; x_wconf 87' lang='lat' dir='ltr'>singulas</span> <span class='ocrx_word' id='word_1_71' title='bbox 1038 1344 1291 1396; x_wconf 85' lang='lat' dir='ltr'>observare,</span> <span class='ocrx_word' id='word_1_72' title='bbox 1334 1344 1597 1397; x_wconf 87' lang='lat' dir='ltr'>describere,</span> <span class='ocrx_word' id='word_1_73' title='bbox 1644 1347 1687 1386; x_wconf 84' lang='lat' dir='ltr'>in</span> <span class='ocrx_word' id='word_1_74' title='bbox 1721 1347 1882 1391; x_wconf 87' lang='lat' dir='ltr'>classes</span> <span class='ocrx_word' id='word_1_75' title='bbox 1917 1351 2026 1392; x_wconf 80' lang='lat' dir='ltr'>redi-</span> 
     </span>
     <span class='ocr_line' id='line_1_8' title="bbox 80 1411 2026 1472; baseline 0.002 -16"><span class='ocrx_word' id='word_1_76' title='bbox 80 1429 209 1472; x_wconf 86' lang='lat' dir='ltr'>gere,</span> <span class='ocrx_word' id='word_1_77' title='bbox 246 1415 298 1456; x_wconf 86' lang='lat' dir='ltr'>ad</span> <span class='ocrx_word' id='word_1_78' title='bbox 319 1416 514 1455; x_wconf 89' lang='lat' dir='ltr'>notiones</span> <span class='ocrx_word' id='word_1_79' title='bbox 533 1415 735 1469; x_wconf 87' lang='lat' dir='ltr'>denique,</span> <span class='ocrx_word' id='word_1_80' title='bbox 767 1429 844 1470; x_wconf 91' lang='lat' dir='ltr'>per</span> <span class='ocrx_word' id='word_1_81' title='bbox 867 1428 974 1470; x_wconf 88' lang='lat' dir='ltr'>quas</span> <span class='ocrx_word' id='word_1_82' title='bbox 996 1411 1182 1468; x_wconf 86' lang='lat' dir='ltr'>intelligi</span> <span class='ocrx_word' id='word_1_83' title='bbox 1202 1413 1370 1467; x_wconf 84' lang='lat' dir='ltr'>possint</span> <span class='ocrx_word' id='word_1_84' title='bbox 1389 1421 1433 1454; x_wconf 88' lang='lat' dir='ltr'>et</span> <span class='ocrx_word' id='word_1_85' title='bbox 1465 1411 1671 1465; x_wconf 84' lang='lat' dir='ltr'>debeant,</span> <span class='ocrx_word' id='word_1_86' title='bbox 1705 1430 1908 1459; x_wconf 81' lang='lat' dir='ltr'>revocare</span> <span class='ocrx_word' id='word_1_87' title='bbox 1938 1429 2026 1460; x_wconf 91' lang='lat' dir='ltr'>stu-</span> 
     </span>
     <span class='ocr_line' id='line_1_9' title="bbox 83 1481 2027 1539; baseline 0 -14"><span class='ocrx_word' id='word_1_88' title='bbox 83 1484 214 1526; x_wconf 86' lang='lat' dir='ltr'>deret.</span> <span class='ocrx_word' id='word_1_89' title='bbox 286 1481 409 1531; x_wconf 84' lang='lat' dir='ltr'>Quod</span> <span class='ocrx_word' id='word_1_90' title='bbox 433 1496 528 1524; x_wconf 91' lang='lat' dir='ltr'>cum</span> <span class='ocrx_word' id='word_1_91' title='bbox 560 1491 730 1538; x_wconf 88' lang='lat' dir='ltr'>ageret,</span> <span class='ocrx_word' id='word_1_92' title='bbox 771 1496 855 1523; x_wconf 89' lang='lat' dir='ltr'>non</span> <span class='ocrx_word' id='word_1_93' title='bbox 878 1483 1065 1523; x_wconf 88' lang='lat' dir='ltr'>constitit</span> <span class='ocrx_word' id='word_1_94' title='bbox 1101 1483 1145 1522; x_wconf 91' lang='lat' dir='ltr'>in</span> <span class='ocrx_word' id='word_1_95' title='bbox 1168 1489 1345 1522; x_wconf 85' lang='lat' dir='ltr'>naturae</span> <span class='ocrx_word' id='word_1_96' title='bbox 1373 1490 1493 1523; x_wconf 86' lang='lat' dir='ltr'>extra</span> <span class='ocrx_word' id='word_1_97' title='bbox 1522 1495 1601 1523; x_wconf 89' lang='lat' dir='ltr'>nos</span> <span class='ocrx_word' id='word_1_98' title='bbox 1627 1484 1797 1536; x_wconf 77' lang='lat' dir='ltr'>positae</span> <span class='ocrx_word' id='word_1_99' title='bbox 1828 1499 2027 1539; x_wconf 85' lang='lat' dir='ltr'>perscru-</span> 
     </span>
     <span class='ocr_line' id='line_1_10' title="bbox 84 1548 2025 1609; baseline 0.001 -16"><span class='ocrx_word' id='word_1_100' title='bbox 84 1552 270 1599; x_wconf 82' lang='lat' dir='ltr'>tatione,</span> <span class='ocrx_word' id='word_1_101' title='bbox 308 1551 382 1591; x_wconf 89' lang='lat' dir='ltr'>sed</span> <span class='ocrx_word' id='word_1_102' title='bbox 414 1552 541 1592; x_wconf 89' lang='lat' dir='ltr'>etiam</span> <span class='ocrx_word' id='word_1_103' title='bbox 567 1564 642 1602; x_wconf 86' lang='lat' dir='ltr'>ea,</span> <span class='ocrx_word' id='word_1_104' title='bbox 673 1564 783 1604; x_wconf 87' lang='lat' dir='ltr'>quae</span> <span class='ocrx_word' id='word_1_105' title='bbox 814 1555 859 1592; x_wconf 75' lang='lat' dir='ltr'>in</span> <span class='ocrx_word' id='word_1_106' title='bbox 891 1548 1017 1591; x_wconf 85' lang='lat' dir='ltr'>nobis</span> <span class='ocrx_word' id='word_1_107' title='bbox 1051 1549 1321 1604; x_wconf 85' lang='lat' dir='ltr'>experimur,</span> <span class='ocrx_word' id='word_1_108' title='bbox 1353 1550 1380 1589; x_wconf 88' lang='lat' dir='ltr'>i.</span> <span class='ocrx_word' id='word_1_109' title='bbox 1405 1563 1469 1602; x_wconf 89' lang='lat' dir='ltr'>e.‚</span> <span class='ocrx_word' id='word_1_110' title='bbox 1500 1559 1546 1590; x_wconf 91' lang='lat' dir='ltr'>ut</span> <span class='ocrx_word' id='word_1_111' title='bbox 1583 1563 1670 1590; x_wconf 89' lang='lat' dir='ltr'>uno</span> <span class='ocrx_word' id='word_1_112' title='bbox 1698 1553 1870 1594; x_wconf 89' lang='lat' dir='ltr'>nomine</span> <span class='ocrx_word' id='word_1_113' title='bbox 1893 1554 2025 1609; x_wconf 87' lang='lat' dir='ltr'>signi·</span> 
     </span>
     <span class='ocr_line' id='line_1_11' title="bbox 83 1615 2026 1675; baseline 0.002 -16"><span class='ocrx_word' id='word_1_114' title='bbox 83 1618 282 1660; x_wconf 88' lang='lat' dir='ltr'>ficemus.</span> <span class='ocrx_word' id='word_1_115' title='bbox 321 1617 620 1674; x_wconf 85' lang='lat' dir='ltr'>phaenomena</span> <span class='ocrx_word' id='word_1_116' title='bbox 654 1617 854 1672; x_wconf 80' lang='lat' dir='ltr'>psychica</span> <span class='ocrx_word' id='word_1_117' title='bbox 886 1617 1134 1672; x_wconf 83' lang='lat' dir='ltr'>diligentius</span> <span class='ocrx_word' id='word_1_118' title='bbox 1165 1615 1427 1671; x_wconf 77' lang='lat' dir='ltr'>exploravit,</span> <span class='ocrx_word' id='word_1_119' title='bbox 1477 1631 1599 1672; x_wconf 89' lang='lat' dir='ltr'>quam</span> <span class='ocrx_word' id='word_1_120' title='bbox 1627 1620 1698 1675; x_wconf 91' lang='lat' dir='ltr'>qui</span> <span class='ocrx_word' id='word_1_121' title='bbox 1727 1629 1823 1661; x_wconf 86' lang='lat' dir='ltr'>ante</span> <span class='ocrx_word' id='word_1_122' title='bbox 1853 1634 1948 1661; x_wconf 91' lang='lat' dir='ltr'>eum</span> <span class='ocrx_word' id='word_1_123' title='bbox 1979 1623 2026 1662; x_wconf 88' lang='lat' dir='ltr'>in</span> 
     </span>
     <span class='ocr_line' id='line_1_12' title="bbox 81 1685 2026 1744; baseline 0.001 -16"><span class='ocrx_word' id='word_1_124' title='bbox 81 1685 356 1743; x_wconf 83' lang='lat' dir='ltr'>philosophia</span> <span class='ocrx_word' id='word_1_125' title='bbox 388 1685 631 1727; x_wconf 87' lang='lat' dir='ltr'>excolenda</span> <span class='ocrx_word' id='word_1_126' title='bbox 661 1687 854 1742; x_wconf 89' lang='lat' dir='ltr'>occupati</span> <span class='ocrx_word' id='word_1_127' title='bbox 888 1686 1082 1734; x_wconf 81' lang='lat' dir='ltr'>fuerunt3</span> <span class='ocrx_word' id='word_1_128' title='bbox 1127 1693 1169 1726; x_wconf 88' lang='lat' dir='ltr'>et</span> <span class='ocrx_word' id='word_1_129' title='bbox 1200 1685 1554 1740; x_wconf 87' lang='lat' dir='ltr'>quemadmodum</span> <span class='ocrx_word' id='word_1_130' title='bbox 1585 1686 1627 1727; x_wconf 89' lang='lat' dir='ltr'>in</span> <span class='ocrx_word' id='word_1_131' title='bbox 1664 1685 1868 1743; x_wconf 87' lang='lat' dir='ltr'>reliquis,</span> <span class='ocrx_word' id='word_1_132' title='bbox 1915 1703 2026 1744; x_wconf 88' lang='lat' dir='ltr'>quae</span> 
     </span>
     <span class='ocr_line' id='line_1_13' title="bbox 88 1750 2028 1810; baseline 0.001 -14"><span class='ocrx_word' id='word_1_133' title='bbox 88 1755 142 1796; x_wconf 85' lang='lat' dir='ltr'>ad</span> <span class='ocrx_word' id='word_1_134' title='bbox 167 1762 344 1796; x_wconf 87' lang='lat' dir='ltr'>naturae</span> <span class='ocrx_word' id='word_1_135' title='bbox 378 1756 661 1810; x_wconf 84' lang='lat' dir='ltr'>cognitionem</span> <span class='ocrx_word' id='word_1_136' title='bbox 690 1756 923 1809; x_wconf 85' lang='lat' dir='ltr'>pertinent,</span> <span class='ocrx_word' id='word_1_137' title='bbox 969 1762 1055 1795; x_wconf 84' lang='lat' dir='ltr'>tam</span> <span class='ocrx_word' id='word_1_138' title='bbox 1080 1750 1266 1807; x_wconf 83' lang='lat' dir='ltr'>amplam</span> <span class='ocrx_word' id='word_1_139' title='bbox 1299 1755 1521 1794; x_wconf 84' lang='lat' dir='ltr'>materiam</span> <span class='ocrx_word' id='word_1_140' title='bbox 1553 1757 1794 1810; x_wconf 84' lang='lat' dir='ltr'>congessit,</span> <span class='ocrx_word' id='word_1_141' title='bbox 1832 1765 1876 1797; x_wconf 89' lang='lat' dir='ltr'>ut</span> <span class='ocrx_word' id='word_1_142' title='bbox 1910 1758 1953 1797; x_wconf 93' lang='lat' dir='ltr'>in</span> <span class='ocrx_word' id='word_1_143' title='bbox 1974 1771 2028 1798; x_wconf 87' lang='lat' dir='ltr'>ea</span> 
     </span>
     <span class='ocr_line' id='line_1_14' title="bbox 87 1822 2027 1878; baseline 0.001 -15"><span class='ocrx_word' id='word_1_144' title='bbox 87 1823 378 1878; x_wconf 84' lang='lat' dir='ltr'>dispensanda</span> <span class='ocrx_word' id='word_1_145' title='bbox 406 1824 512 1864; x_wconf 88' lang='lat' dir='ltr'>etin</span> <span class='ocrx_word' id='word_1_146' title='bbox 533 1837 654 1863; x_wconf 89' lang='lat' dir='ltr'>usum</span> <span class='ocrx_word' id='word_1_147' title='bbox 678 1822 962 1864; x_wconf 87' lang='lat' dir='ltr'>convertenda</span> <span class='ocrx_word' id='word_1_148' title='bbox 985 1829 1191 1864; x_wconf 88' lang='lat' dir='ltr'>remotam</span> <span class='ocrx_word' id='word_1_149' title='bbox 1221 1823 1510 1875; x_wconf 87' lang='lat' dir='ltr'>posteritatem</span> <span class='ocrx_word' id='word_1_150' title='bbox 1535 1830 1781 1877; x_wconf 86' lang='lat' dir='ltr'>occupatam</span> <span class='ocrx_word' id='word_1_151' title='bbox 1804 1824 1939 1865; x_wconf 87' lang='lat' dir='ltr'>fuisse</span> <span class='ocrx_word' id='word_1_152' title='bbox 1964 1826 2027 1865; x_wconf 74' lang='lat' dir='ltr'>vi-</span> 
     </span>
     <span class='ocr_line' id='line_1_15' title="bbox 89 1888 2026 1946; baseline 0.001 -15"><span class='ocrx_word' id='word_1_153' title='bbox 89 1891 287 1941; x_wconf 83' lang='lat' dir='ltr'>deamus,</span> <span class='ocrx_word' id='word_1_154' title='bbox 326 1892 383 1930; x_wconf 81' lang='lat' dir='ltr'>ita</span> <span class='ocrx_word' id='word_1_155' title='bbox 406 1892 532 1931; x_wconf 89' lang='lat' dir='ltr'>etiam</span> <span class='ocrx_word' id='word_1_156' title='bbox 556 1889 863 1946; x_wconf 86' lang='lat' dir='ltr'>psychologiae</span> <span class='ocrx_word' id='word_1_157' title='bbox 902 1904 952 1930; x_wconf 87' lang='lat' dir='ltr'>ea</span> <span class='ocrx_word' id='word_1_158' title='bbox 981 1891 1079 1931; x_wconf 90' lang='lat' dir='ltr'>iecit</span> <span class='ocrx_word' id='word_1_159' title='bbox 1102 1888 1404 1940; x_wconf 83' lang='lat' dir='ltr'>fundamenta,</span> <span class='ocrx_word' id='word_1_160' title='bbox 1440 1898 1484 1930; x_wconf 89' lang='lat' dir='ltr'>ut</span> <span class='ocrx_word' id='word_1_161' title='bbox 1516 1904 1624 1943; x_wconf 87' lang='lat' dir='ltr'>quae</span> <span class='ocrx_word' id='word_1_162' title='bbox 1645 1904 1722 1944; x_wconf 88' lang='lat' dir='ltr'>per</span> <span class='ocrx_word' id='word_1_163' title='bbox 1758 1890 2026 1933; x_wconf 86' lang='lat' dir='ltr'>saeculorum</span> 
     </span>
     <span class='ocr_line' id='line_1_16' title="bbox 90 1955 2029 2013; baseline 0.001 -13"><span class='ocrx_word' id='word_1_164' title='bbox 90 1960 258 2006; x_wconf 68' lang='lat' dir='ltr'>seriem,</span> <span class='ocrx_word' id='word_1_165' title='bbox 277 1958 327 1998; x_wconf 83' lang='lat' dir='ltr'>de</span> <span class='ocrx_word' id='word_1_166' title='bbox 352 1958 419 1998; x_wconf 91' lang='lat' dir='ltr'>his</span> <span class='ocrx_word' id='word_1_167' title='bbox 443 1973 607 2013; x_wconf 89' lang='lat' dir='ltr'>quoque</span> <span class='ocrx_word' id='word_1_168' title='bbox 628 1956 752 1999; x_wconf 87' lang='lat' dir='ltr'>rebus</span> <span class='ocrx_word' id='word_1_169' title='bbox 773 1958 1049 2009; x_wconf 87' lang='lat' dir='ltr'>docerentur,</span> <span class='ocrx_word' id='word_1_170' title='bbox 1080 1956 1298 1997; x_wconf 84' lang='lat' dir='ltr'>doctrinae</span> <span class='ocrx_word' id='word_1_171' title='bbox 1325 1955 1626 1998; x_wconf 79' lang='lat' dir='ltr'>Aristotelicae</span> <span class='ocrx_word' id='word_1_172' title='bbox 1654 1957 1721 1998; x_wconf 76' lang='lat' dir='ltr'>vel</span> <span class='ocrx_word' id='word_1_173' title='bbox 1743 1960 2029 2001; x_wconf 85' lang='lat' dir='ltr'>imitationem</span> 
     </span>
     <span class='ocr_line' id='line_1_17' title="bbox 89 2022 2034 2083; baseline 0.001 -15"><span class='ocrx_word' id='word_1_174' title='bbox 89 2026 156 2068; x_wconf 76' lang='lat' dir='ltr'>vel</span> <span class='ocrx_word' id='word_1_175' title='bbox 184 2036 295 2068; x_wconf 86' lang='lat' dir='ltr'>certe</span> <span class='ocrx_word' id='word_1_176' title='bbox 319 2025 640 2067; x_wconf 88' lang='lat' dir='ltr'>similitudinem</span> <span class='ocrx_word' id='word_1_177' title='bbox 672 2024 853 2081; x_wconf 83' lang='lat' dir='ltr'>aliquam</span> <span class='ocrx_word' id='word_1_178' title='bbox 875 2026 1095 2067; x_wconf 82' lang='lat' dir='ltr'>referrent.</span> <span class='ocrx_word' id='word_1_179' title='bbox 1150 2023 1292 2065; x_wconf 88' lang='lat' dir='ltr'>Huius</span> <span class='ocrx_word' id='word_1_180' title='bbox 1312 2022 1602 2066; x_wconf 86' lang='lat' dir='ltr'>similitudinis</span> <span class='ocrx_word' id='word_1_181' title='bbox 1629 2027 1834 2083; x_wconf 76' lang='lat' dir='ltr'>vestigia,</span> <span class='ocrx_word' id='word_1_182' title='bbox 1867 2030 1904 2068; x_wconf 90' lang='lat' dir='ltr'>si</span> <span class='ocrx_word' id='word_1_183' title='bbox 1937 2028 2034 2069; x_wconf 83' lang='lat' dir='ltr'>Ari-</span> 
     </span>
     <span class='ocr_line' id='line_1_18' title="bbox 91 2092 2032 2150; baseline 0 -14"><span class='ocrx_word' id='word_1_184' title='bbox 91 2094 255 2136; x_wconf 87' lang='lat' dir='ltr'>stotelis</span> <span class='ocrx_word' id='word_1_185' title='bbox 281 2093 612 2150; x_wconf 78' lang='lat' dir='ltr'>psychologiam,</span> <span class='ocrx_word' id='word_1_186' title='bbox 648 2093 817 2149; x_wconf 87' lang='lat' dir='ltr'>qualem</span> <span class='ocrx_word' id='word_1_187' title='bbox 842 2095 882 2134; x_wconf 91' lang='lat' dir='ltr'>in</span> <span class='ocrx_word' id='word_1_188' title='bbox 904 2092 1027 2134; x_wconf 82' lang='lat' dir='ltr'>libris</span> <span class='ocrx_word' id='word_1_189' title='bbox 1056 2092 1147 2145; x_wconf 71' lang='lat' dir='ltr'>„de</span> <span class='ocrx_word' id='word_1_190' title='bbox 1174 2092 1361 2133; x_wconf 83' lang='lat' dir='ltr'>anitna“</span> <span class='ocrx_word' id='word_1_191' title='bbox 1395 2094 1621 2147; x_wconf 79' lang='lat' dir='ltr'>exposuit,</span> <span class='ocrx_word' id='word_1_192' title='bbox 1658 2108 1751 2135; x_wconf 89' lang='lat' dir='ltr'>cum</span> <span class='ocrx_word' id='word_1_193' title='bbox 1774 2109 1826 2136; x_wconf 89' lang='lat' dir='ltr'>ea</span> <span class='ocrx_word' id='word_1_194' title='bbox 1848 2094 2032 2150; x_wconf 81' lang='lat' dir='ltr'>psycho-</span> 
     </span>
     <span class='ocr_line' id='line_1_19' title="bbox 89 2159 2035 2218; baseline 0.001 -15"><span class='ocrx_word' id='word_1_195' title='bbox 89 2161 232 2218; x_wconf 87' lang='lat' dir='ltr'>logiae</span> <span class='ocrx_word' id='word_1_196' title='bbox 258 2163 395 2203; x_wconf 84' lang='lat' dir='ltr'>forma</span> <span class='ocrx_word' id='word_1_197' title='bbox 425 2176 744 2216; x_wconf 86' lang='lat' dir='ltr'>comparamus,</span> <span class='ocrx_word' id='word_1_198' title='bbox 783 2176 890 2216; x_wconf 86' lang='lat' dir='ltr'>quae</span> <span class='ocrx_word' id='word_1_199' title='bbox 913 2163 1038 2202; x_wconf 92' lang='lat' dir='ltr'>etiam</span> <span class='ocrx_word' id='word_1_200' title='bbox 1069 2175 1178 2202; x_wconf 89' lang='lat' dir='ltr'>nunc</span> <span class='ocrx_word' id='word_1_201' title='bbox 1198 2161 1306 2215; x_wconf 86' lang='lat' dir='ltr'>apud</span> <span class='ocrx_word' id='word_1_202' title='bbox 1331 2159 1481 2202; x_wconf 88' lang='lat' dir='ltr'>multos</span> <span class='ocrx_word' id='word_1_203' title='bbox 1504 2161 1639 2213; x_wconf 82' lang='lat' dir='ltr'>valet,</span> <span class='ocrx_word' id='word_1_204' title='bbox 1678 2163 1720 2202; x_wconf 89' lang='lat' dir='ltr'>in</span> <span class='ocrx_word' id='word_1_205' title='bbox 1745 2177 1795 2204; x_wconf 92' lang='lat' dir='ltr'>eo</span> <span class='ocrx_word' id='word_1_206' title='bbox 1817 2177 1916 2217; x_wconf 87' lang='lat' dir='ltr'>prae</span> <span class='ocrx_word' id='word_1_207' title='bbox 1938 2178 2035 2205; x_wconf 83' lang='lat' dir='ltr'>cae-</span> 
     </span>
     <span class='ocr_line' id='line_1_20' title="bbox 93 2227 2033 2286; baseline 0.001 -15"><span class='ocrx_word' id='word_1_208' title='bbox 93 2232 193 2272; x_wconf 89' lang='lat' dir='ltr'>teris</span> <span class='ocrx_word' id='word_1_209' title='bbox 220 2230 462 2286; x_wconf 83' lang='lat' dir='ltr'>quaerenda</span> <span class='ocrx_word' id='word_1_210' title='bbox 483 2238 606 2282; x_wconf 90' lang='lat' dir='ltr'>sunt,</span> <span class='ocrx_word' id='word_1_211' title='bbox 641 2229 749 2286; x_wconf 88' lang='lat' dir='ltr'>quod</span> <span class='ocrx_word' id='word_1_212' title='bbox 781 2229 1170 2286; x_wconf 87' lang='lat' dir='ltr'>phaenomenorum</span> <span class='ocrx_word' id='word_1_213' title='bbox 1199 2227 1492 2283; x_wconf 72' lang='lat' dir='ltr'>psychicorum</span> <span class='ocrx_word' id='word_1_214' title='bbox 1525 2231 1647 2285; x_wconf 86' lang='lat' dir='ltr'>origo</span> <span class='ocrx_word' id='word_1_215' title='bbox 1676 2228 1729 2270; x_wconf 88' lang='lat' dir='ltr'>ab</span> <span class='ocrx_word' id='word_1_216' title='bbox 1751 2233 1919 2272; x_wconf 82' lang='lat' dir='ltr'>animae</span> <span class='ocrx_word' id='word_1_217' title='bbox 1950 2246 2033 2273; x_wconf 69' lang='lat' dir='ltr'>va-</span> 
     </span>
     <span class='ocr_line' id='line_1_21' title="bbox 90 2295 2033 2353; baseline 0.002 -14"><span class='ocrx_word' id='word_1_218' title='bbox 90 2299 165 2339; x_wconf 87' lang='lat' dir='ltr'>riis</span> <span class='ocrx_word' id='word_1_219' title='bbox 182 2298 479 2349; x_wconf 71' lang='lat' dir='ltr'>facultalibus</span> <span class='ocrx_word' id='word_1_220' title='bbox 499 2309 613 2340; x_wconf 90' lang='lat' dir='ltr'>recte</span> <span class='ocrx_word' id='word_1_221' title='bbox 643 2298 945 2353; x_wconf 82' lang='lat' dir='ltr'>dignoscendis</span> <span class='ocrx_word' id='word_1_222' title='bbox 977 2297 1208 2352; x_wconf 86' lang='lat' dir='ltr'>repetenda</span> <span class='ocrx_word' id='word_1_223' title='bbox 1229 2311 1325 2337; x_wconf 89' lang='lat' dir='ltr'>esse</span> <span class='ocrx_word' id='word_1_224' title='bbox 1356 2295 1552 2350; x_wconf 85' lang='lat' dir='ltr'>plurimis</span> <span class='ocrx_word' id='word_1_225' title='bbox 1580 2307 1620 2338; x_wconf 85' lang='lat' dir='ltr'>et</span> <span class='ocrx_word' id='word_1_226' title='bbox 1646 2297 1745 2339; x_wconf 90' lang='lat' dir='ltr'>olim</span> <span class='ocrx_word' id='word_1_227' title='bbox 1775 2300 1867 2340; x_wconf 68' lang='lat' dir='ltr'>risa</span> <span class='ocrx_word' id='word_1_228' title='bbox 1904 2309 1968 2341; x_wconf 82' lang='lat' dir='ltr'>est</span> <span class='ocrx_word' id='word_1_229' title='bbox 1990 2310 2033 2342; x_wconf 88' lang='lat' dir='ltr'>et</span> 
     </span>
     <span class='ocr_line' id='line_1_22' title="bbox 92 2363 2032 2426; baseline 0.001 -18"><span class='ocrx_word' id='word_1_230' title='bbox 92 2367 324 2408; x_wconf 86' lang='lat' dir='ltr'>etiamnum</span> <span class='ocrx_word' id='word_1_231' title='bbox 363 2367 539 2407; x_wconf 87' lang='lat' dir='ltr'>videtur.</span> <span class='ocrx_word' id='word_1_232' title='bbox 610 2363 734 2415; x_wconf 79' lang='lat' dir='ltr'>Quod</span> <span class='ocrx_word' id='word_1_233' title='bbox 769 2368 880 2407; x_wconf 85' lang='lat' dir='ltr'>enim</span> <span class='ocrx_word' id='word_1_234' title='bbox 913 2365 980 2407; x_wconf 87' lang='lat' dir='ltr'>vel</span> <span class='ocrx_word' id='word_1_235' title='bbox 1010 2366 1149 2406; x_wconf 86' lang='lat' dir='ltr'>inesse</span> <span class='ocrx_word' id='word_1_236' title='bbox 1184 2367 1353 2405; x_wconf 86' lang='lat' dir='ltr'>animae</span> <span class='ocrx_word' id='word_1_237' title='bbox 1384 2363 1528 2419; x_wconf 86' lang='lat' dir='ltr'>plures</span> <span class='ocrx_word' id='word_1_238' title='bbox 1559 2364 1784 2407; x_wconf 82' lang='lat' dir='ltr'>facultates</span> <span class='ocrx_word' id='word_1_239' title='bbox 1812 2366 2032 2426; x_wconf 86' lang='lat' dir='ltr'>(sensum,</span> 
     </span>
     <span class='ocr_line' id='line_1_23' title="bbox 90 2431 2036 2490; baseline 0.002 -15"><span class='ocrx_word' id='word_1_240' title='bbox 90 2434 390 2490; x_wconf 83' lang='lat' dir='ltr'>phantasiam,</span> <span class='ocrx_word' id='word_1_241' title='bbox 426 2442 637 2485; x_wconf 85' lang='lat' dir='ltr'>mentem,</span> <span class='ocrx_word' id='word_1_242' title='bbox 673 2436 903 2490; x_wconf 86' lang='lat' dir='ltr'>appetitum</span> <span class='ocrx_word' id='word_1_243' title='bbox 932 2435 1051 2487; x_wconf 90' lang='lat' dir='ltr'>etc.),</span> <span class='ocrx_word' id='word_1_244' title='bbox 1090 2431 1155 2473; x_wconf 87' lang='lat' dir='ltr'>vel</span> <span class='ocrx_word' id='word_1_245' title='bbox 1181 2441 1295 2473; x_wconf 87' lang='lat' dir='ltr'>certe</span> <span class='ocrx_word' id='word_1_246' title='bbox 1320 2433 1490 2473; x_wconf 85' lang='lat' dir='ltr'>animae</span> <span class='ocrx_word' id='word_1_247' title='bbox 1525 2443 1719 2474; x_wconf 85' lang='lat' dir='ltr'>naturam</span> <span class='ocrx_word' id='word_1_248' title='bbox 1749 2435 1806 2475; x_wconf 86' lang='lat' dir='ltr'>ita</span> <span class='ocrx_word' id='word_1_249' title='bbox 1827 2450 1874 2476; x_wconf 88' lang='lat' dir='ltr'>se</span> <span class='ocrx_word' id='word_1_250' title='bbox 1906 2451 2036 2477; x_wconf 79' lang='lat' dir='ltr'>exse—</span> 
     </span>
     <span class='ocr_line' id='line_1_24' title="bbox 94 2499 2034 2558; baseline 0.001 -14"><span class='ocrx_word' id='word_1_251' title='bbox 94 2517 187 2544; x_wconf 83' lang='lat' dir='ltr'>rere</span> <span class='ocrx_word' id='word_1_252' title='bbox 207 2511 419 2552; x_wconf 85' lang='lat' dir='ltr'>statunnt,</span> <span class='ocrx_word' id='word_1_253' title='bbox 463 2511 532 2552; x_wconf 93' lang='lat' dir='ltr'>ut,</span> <span class='ocrx_word' id='word_1_254' title='bbox 576 2516 682 2556; x_wconf 85' lang='lat' dir='ltr'>quae</span> <span class='ocrx_word' id='word_1_255' title='bbox 721 2502 789 2544; x_wconf 81' lang='lat' dir='ltr'>vel</span> <span class='ocrx_word' id='word_1_256' title='bbox 819 2512 916 2558; x_wconf 86' lang='lat' dir='ltr'>agat</span> <span class='ocrx_word' id='word_1_257' title='bbox 956 2501 1023 2542; x_wconf 79' lang='lat' dir='ltr'>vel</span> <span class='ocrx_word' id='word_1_258' title='bbox 1048 2504 1254 2556; x_wconf 84' lang='lat' dir='ltr'>patiatur,</span> <span class='ocrx_word' id='word_1_259' title='bbox 1290 2500 1341 2540; x_wconf 90' lang='lat' dir='ltr'>ad</span> <span class='ocrx_word' id='word_1_260' title='bbox 1371 2499 1517 2541; x_wconf 85' lang='lat' dir='ltr'>talium</span> <span class='ocrx_word' id='word_1_261' title='bbox 1547 2500 1796 2542; x_wconf 86' lang='lat' dir='ltr'>facultatum</span> <span class='ocrx_word' id='word_1_262' title='bbox 1835 2506 2034 2546; x_wconf 87' lang='lat' dir='ltr'>notiones</span> 
     </span>
     <span class='ocr_line' id='line_1_25' title="bbox 94 2567 2033 2624; baseline 0.001 -13"><span class='ocrx_word' id='word_1_263' title='bbox 94 2573 185 2612; x_wconf 87' lang='lat' dir='ltr'>iure</span> <span class='ocrx_word' id='word_1_264' title='bbox 214 2570 405 2611; x_wconf 83' lang='lat' dir='ltr'>revocari</span> <span class='ocrx_word' id='word_1_265' title='bbox 434 2570 602 2623; x_wconf 88' lang='lat' dir='ltr'>possint</span> <span class='ocrx_word' id='word_1_266' title='bbox 634 2583 683 2611; x_wconf 86' lang='lat' dir='ltr'>ac</span> <span class='ocrx_word' id='word_1_267' title='bbox 722 2569 929 2624; x_wconf 87' lang='lat' dir='ltr'>debeant,</span> <span class='ocrx_word' id='word_1_268' title='bbox 969 2570 1010 2610; x_wconf 91' lang='lat' dir='ltr'>id</span> <span class='ocrx_word' id='word_1_269' title='bbox 1032 2569 1086 2609; x_wconf 88' lang='lat' dir='ltr'>ad</span> <span class='ocrx_word' id='word_1_270' title='bbox 1117 2567 1359 2610; x_wconf 86' lang='lat' dir='ltr'>Aristotelis</span> <span class='ocrx_word' id='word_1_271' title='bbox 1389 2568 1636 2622; x_wconf 86' lang='lat' dir='ltr'>exemplum</span> <span class='ocrx_word' id='word_1_272' title='bbox 1670 2578 1710 2610; x_wconf 91' lang='lat' dir='ltr'>et</span> <span class='ocrx_word' id='word_1_273' title='bbox 1743 2573 2033 2613; x_wconf 86' lang='lat' dir='ltr'>auctoritatem</span> 
     </span>
     <span class='ocr_line' id='line_1_26' title="bbox 96 2635 2036 2695; baseline 0 -15"><span class='ocrx_word' id='word_1_274' title='bbox 96 2638 257 2680; x_wconf 77' lang='lat' dir='ltr'>videtur</span> <span class='ocrx_word' id='word_1_275' title='bbox 287 2637 553 2679; x_wconf 88' lang='lat' dir='ltr'>referendum</span> <span class='ocrx_word' id='word_1_276' title='bbox 589 2650 709 2689; x_wconf 89' lang='lat' dir='ltr'>esse,</span> <span class='ocrx_word' id='word_1_277' title='bbox 748 2640 842 2694; x_wconf 87' lang='lat' dir='ltr'>qui,</span> <span class='ocrx_word' id='word_1_278' title='bbox 891 2653 983 2679; x_wconf 89' lang='lat' dir='ltr'>cum</span> <span class='ocrx_word' id='word_1_279' title='bbox 1013 2639 1178 2693; x_wconf 90' lang='lat' dir='ltr'>priores</span> <span class='ocrx_word' id='word_1_280' title='bbox 1207 2635 1450 2691; x_wconf 87' lang='lat' dir='ltr'>philosophi</span> <span class='ocrx_word' id='word_1_281' title='bbox 1479 2637 1533 2677; x_wconf 85' lang='lat' dir='ltr'>ad</span> <span class='ocrx_word' id='word_1_282' title='bbox 1570 2638 1878 2693; x_wconf 84' lang='lat' dir='ltr'>designandam</span> <span class='ocrx_word' id='word_1_283' title='bbox 1904 2640 2036 2695; x_wconf 83' lang='lat' dir='ltr'>phae-</span> 
     </span>
     <span class='ocr_line' id='line_1_27' title="bbox 94 2703 2038 2764; baseline 0.001 -17"><span class='ocrx_word' id='word_1_284' title='bbox 94 2720 370 2747; x_wconf 87' lang='lat' dir='ltr'>nomenorum</span> <span class='ocrx_word' id='word_1_285' title='bbox 396 2704 691 2760; x_wconf 87' lang='lat' dir='ltr'>psychicorum</span> <span class='ocrx_word' id='word_1_286' title='bbox 715 2707 926 2748; x_wconf 80' lang='lat' dir='ltr'>diversam</span> <span class='ocrx_word' id='word_1_287' title='bbox 961 2716 1152 2748; x_wconf 85' lang='lat' dir='ltr'>naturam</span> <span class='ocrx_word' id='word_1_288' title='bbox 1174 2703 1424 2759; x_wconf 90' lang='lat' dir='ltr'>simpliciter</span> <span class='ocrx_word' id='word_1_289' title='bbox 1439 2710 1630 2759; x_wconf 70' lang='lat' dir='ltr'>partium</span> <span class='ocrx_word' id='word_1_290' title='bbox 1663 2704 1832 2763; x_wconf 75' lang='grc' dir='ltr'><em>(μερῶν,</em></span> <span class='ocrx_word' id='word_1_291' title='bbox 1856 2710 2038 2764; x_wconf 73' lang='grc' dir='ltr'>μορίων)</span> 
     </span>
     <span class='ocr_line' id='line_1_28' title="bbox 96 2772 2038 2831; baseline 0.001 -15"><span class='ocrx_word' id='word_1_292' title='bbox 96 2775 264 2816; x_wconf 82' lang='lat' dir='ltr'>animae</span> <span class='ocrx_word' id='word_1_293' title='bbox 291 2775 461 2815; x_wconf 91' lang='lat' dir='ltr'>notione</span> <span class='ocrx_word' id='word_1_294' title='bbox 482 2772 734 2831; x_wconf 90' lang='lat' dir='ltr'>plerumque</span> <span class='ocrx_word' id='word_1_295' title='bbox 755 2776 822 2818; x_wconf 86' lang='lat' dir='ltr'>usi</span> <span class='ocrx_word' id='word_1_296' title='bbox 847 2783 1011 2828; x_wconf 86' lang='lat' dir='ltr'>essent,</span> <span class='ocrx_word' id='word_1_297' title='bbox 1048 2786 1302 2831; x_wconf 78' lang='lat' dir='ltr'>quamquam</span> <span class='ocrx_word' id='word_1_298' title='bbox 1335 2782 1376 2815; x_wconf 87' lang='lat' dir='ltr'>et</span> <span class='ocrx_word' id='word_1_299' title='bbox 1398 2774 1491 2827; x_wconf 87' lang='lat' dir='ltr'>ipse</span> <span class='ocrx_word' id='word_1_300' title='bbox 1513 2772 1594 2817; x_wconf 88' lang='lat' dir='ltr'>hoc</span> <span class='ocrx_word' id='word_1_301' title='bbox 1625 2772 1876 2817; x_wconf 78' lang='lat' dir='ltr'>vocabulum</span> <span class='ocrx_word' id='word_1_302' title='bbox 1905 2789 2038 2831; x_wconf 80' lang='lat' dir='ltr'>saepe</span> 
     </span>
    </p>
   </div>
   <div class='ocr_carea' id='block_1_2' title="bbox 1392 2841 1486 2884">
    <p class='ocr_par' dir='ltr' id='par_1_2' title="bbox 1392 2841 1486 2884">
     <span class='ocr_line' id='line_1_29' title="bbox 1392 2841 1486 2884; baseline -0.021 0"><span class='ocrx_word' id='word_1_303' title='bbox 1392 2841 1486 2884; x_wconf 82' lang='lat' dir='ltr'>A2</span> 
     </span>
    </p>
   </div>
  </div>
 </body>
</html>
