2352 3254
749 179 1379 234 *15*—

100 323 181 369 τοῦ
201 320 277 368 νοῦ
298 324 510 365 notionem
533 328 574 362 et
594 327 784 361 naturam
807 321 949 362 stricte
973 329 1177 370 tenemus,
1210 322 1368 374 omnia,
1405 335 1511 377 quae
1534 323 1585 364 de
1606 322 1688 367 hoc
1705 324 1918 369 intellectu
1948 341 2025 383 per

100 407 148 435 se
173 400 361 448 spectato
387 391 533 441 docet,
562 396 648 430 tam
675 402 822 444 parum
846 388 1076 431 cohaerent
1096 404 1191 431 cum
1212 392 1381 431 animae
1403 390 1674 444 definitione,
1709 403 1756 435 ut
1776 396 2022 451 impediant,

99 456 602 517 quominusAristotelem
618 465 841 513 propterea
861 456 1092 509 laudemus,
1118 459 1227 512 quod
1249 460 1527 500 immanentes
1540 462 1707 501 animae
1722 476 1768 503 se
1788 478 1864 517 per
1885 468 2021 507 varios

97 529 254 584 gradus
275 537 316 569 et
336 528 541 568 stationes
568 524 804 567 evolventis
833 528 1023 567 actiones
1058 541 1249 582 congrua
1279 537 1320 568 et
1345 526 1538 583 legitima
1556 530 1720 570 ratione
1746 531 2013 585 explicuerit.

95 596 187 639 Vix
209 596 318 637 enim
343 594 455 636 aliud
474 594 573 650 quid
599 593 711 648 apud
735 607 828 634 eum
850 595 1116 645 invenimus,
1152 595 1231 636 nisi
1260 595 1462 637 incertam
1485 597 1700 652 quandam
1728 608 1768 640 et
1799 602 2016 643 universa-

93 663 180 705 lem
208 663 308 705 talis
339 662 650 719 progressionis
678 662 932 716 imaginem,
983 676 1041 703 ex
1074 664 1275 717 empirica
1303 663 1693 718 phaenomenorum
1723 667 2015 722 psychicorum

94 731 414 782 observatione,
459 729 655 770 uberiore
686 730 875 786 quidem,
923 744 1048 785 quam
1080 745 1186 786 quae
1223 733 1501 788 antiquiorum
1536 733 1889 790 philosophorum
1920 739 2015 790 fuit,

93 814 172 843 nec
203 810 343 842 tamen
382 797 580 840 absoluta
615 799 862 853 repetitam,
916 813 1096 853 eamque
1126 813 1259 855 neque
1290 815 1347 841 ex
1379 803 1598 856 principiis
1627 804 1733 858 ipsis
1765 804 2014 856 desumtam,

91 883 228 924 neque
251 868 305 909 ad
326 875 462 908 certas
480 866 602 922 leges
619 876 876 908 revocatam.
945 865 1069 916 Quod
1093 869 1206 909 enim
1239 869 1538 910 conscientiam
1558 873 1622 912 sui
1644 873 1773 927 ipsius
1793 872 1892 924 (die
1911 874 2012 915 Iclz-

89 936 231 992 leec‘t),
267 951 375 992 quae
394 950 479 976 non
502 935 615 976 idem
643 945 707 976 est
726 949 819 976 cum
846 948 921 986 eo,
958 935 1069 991 quod
1089 934 1344 978 Aristoteles
1369 937 1471 980 dicit
1502 938 1575 982 τὸν
1597 938 1700 983 νοῦν
1719 935 1855 983 αὐτὸν
1875 936 2012 985 δύνα-

91 1007 208 1048 σθαι
238 999 375 1048 αὐτὸν
409 1007 520 1047 νοεῖν
547 1001 625 1058 (de
646 1004 775 1045 anim.
802 1002 879 1044 ΙΙΙ.
914 1017 949 1044 c.
973 1011 1018 1045 4.
1045 1006 1083 1054 ξ.
1115 1005 1207 1057 8.),
1254 1014 1295 1046 et
1326 1020 1435 1061 quae
1465 1007 1579 1048 vitae
1607 1007 1830 1064 psychicae
1863 1019 2008 1053 notam

87 1071 266 1128 praebet
290 1086 463 1127 prorsus
483 1070 760 1127 peculiarem,
798 1070 925 1126 plane
957 1071 1173 1128 neglexit,
1208 1073 1250 1113 id
1273 1088 1400 1114 unum
1423 1077 1629 1129 ostendit,
1665 1091 1762 1118 eum
1793 1091 1847 1119 ne
1878 1080 2006 1136 empi—

86 1143 201 1183 ricae
223 1142 392 1198 quidem
413 1140 710 1195 descriptionis
732 1138 873 1181 officio
895 1141 1011 1180 omni
1033 1154 1090 1181 ex
1108 1150 1227 1195 parte
1248 1142 1521 1184 satisfecisse.

219 1273 437 1327 Alterum,
470 1275 580 1331 quod
604 1274 841 1316 addendum
864 1289 962 1317 esse
985 1275 1172 1328 videtur,
1211 1285 1373 1332 spectat
1390 1277 1572 1333 plurium
1594 1278 1864 1334 facultatum,
1899 1297 2004 1339 quas

84 1343 286 1399 deinceps
309 1343 572 1395 considerat,
609 1344 661 1384 ad
685 1345 870 1384 animam
892 1345 1027 1399 ipsam
1046 1343 1310 1387 relationem.
1378 1344 1472 1395 Qua
1507 1350 1551 1390 in
1589 1364 1635 1390 re
1666 1364 1749 1390 non
1768 1350 1810 1390 id
1830 1365 2004 1406 quaera-

85 1425 179 1454 mus
194 1442 206 1463 ,
237 1427 320 1467 quo
344 1414 433 1453 iure
451 1411 529 1453 has
551 1413 718 1468 potius,
754 1426 882 1468 quam
903 1411 1012 1453 alias
1033 1427 1103 1453 eas
1125 1427 1220 1455 esse
1242 1417 1454 1464 statuerit3
1489 1418 1747 1458 recentiores
1773 1427 1898 1470 certe,
1933 1421 2005 1475 qui

85 1482 178 1521 eius
199 1482 381 1536 vestigia
402 1491 652 1537 sequuntur,
684 1482 869 1521 animam
890 1483 1174 1537 vegetativam
1197 1483 1371 1524 missam
1394 1485 1583 1527 fecerunt
1605 1495 1646 1527 et
1672 1501 1748 1541 pro
1780 1501 1831 1528 ea
1853 1487 2004 1529 virium

83 1547 274 1589 vitalium
311 1550 527 1590 notionem
559 1548 884 1601 substituerunt,
916 1551 957 1590 in
991 1550 1301 1606 distinguendis
1324 1561 1463 1595 autem
1489 1553 1661 1610 reliquis
1681 1556 1849 1596 animae
1873 1554 2006 1596 facul·

82 1615 241 1658 tatibus
263 1617 553 1658 diversissimo
577 1617 703 1658 modo
731 1629 773 1658 et
804 1616 857 1657 ab
884 1617 1115 1659 Aristotele
1143 1628 1184 1659 et
1214 1633 1240 1659 a
1270 1635 1316 1660 se
1339 1623 1518 1663 invicem
1546 1624 1782 1678 divergunt.
1851 1621 2001 1679 Neque

79 1686 219 1741 magis
245 1685 287 1726 in
309 1700 359 1726 eo
384 1684 659 1736 haereamus,
696 1685 828 1741 quod,
861 1697 907 1725 ut
935 1700 1061 1741 supra
1091 1687 1321 1729 indicatum
1356 1697 1442 1742 est,
1477 1689 1754 1742 Aristoteles,
1791 1691 2000 1748 intempe-

79 1755 188 1795 stiva
208 1751 482 1794 abstrahendi
510 1754 782 1795 festinatione
809 1753 1032 1795 admodum
1061 1758 1272 1796 communi
1300 1757 1571 1814 deceptus*),
1607 1758 1799 1815 singulas
1819 1759 1997 1802 faculta-

77 1831 143 1863 tes
179 1823 388 1863 universis
429 1821 820 1876 phaenomenorum
860 1823 1065 1864 classibus
1101 1828 1414 1878 praeposuerit3
1465 1827 1576 1883 quod
1603 1826 1670 1868 vel
1708 1828 1804 1869 ideo
1833 1827 1998 1870 nullum

76 1889 205 1945 plane
235 1903 356 1930 usum
384 1891 535 1931 afferre
570 1898 732 1946 potest,
772 1892 970 1946 quoniam
994 1890 1091 1932 talis
1118 1891 1300 1933 facultas
1317 1894 1568 1936 universalis
1593 1895 1996 1951 phaenomenorum,

77 1958 130 1999 ad
152 1972 278 1999 unum
303 1973 436 2015 genus
462 1959 783 2013 pertinentium,
812 1959 851 1999 ei
877 1959 1132 2011 diversitati,
1172 1960 1339 2015 qualem
1370 1965 1636 2018 experientia
1661 1965 1886 2019 proponit,
1917 1980 1996 2007 ex-

74 2025 301 2082 plicandae
331 2026 448 2068 nullo
480 2028 605 2068 modo
635 2026 827 2068 sufficere
855 2035 1022 2082 potest,
1059 2029 1142 2069 nisi
1174 2038 1215 2070 et
1243 2028 1341 2083 lex,
1377 2032 1606 2073 secundum
1639 2047 1763 2089 quam
1795 2042 1915 2089 agat,
1952 2044 1995 2076 et

76 2095 364 2147 conditiones,
393 2093 469 2136 sub
491 2094 639 2151 quibus
660 2104 782 2152 agat,
821 2105 1017 2136 accurate
1048 2097 1257 2138 indicatae
1289 2100 1397 2148 sint,
1433 2100 1543 2155 quod
1576 2116 1711 2157 neque
1743 2100 1796 2142 ab
1828 2100 1993 2143 Aristo·

75 2162 160 2206 tele
189 2177 323 2219 neque
353 2162 406 2204 ab
444 2162 541 2204 aliis
570 2163 694 2205 huius
723 2164 912 2205 notionis
950 2166 992 2205 in
1028 2164 1309 2222 psychologia
1338 2166 1574 2210 cultoribus
1604 2170 1760 2211 factum
1797 2178 1875 2210 est.
1941 2169 1989 2211 Id

74 2245 201 2273 unum
224 2233 487 2288 quaerimus,
517 2247 600 2288 qua
628 2233 793 2274 ratione
825 2232 1075 2274 Aristoteles
1098 2232 1280 2288 plurium
1304 2235 1549 2279 facultatum
1571 2238 1623 2278 ad
1645 2253 1771 2279 unam
1801 2239 1988 2280 animam

72 2299 322 2341 relationem
347 2300 535 2341 definiat.
607 2299 706 2355 Ipse
727 2300 835 2342 hanc
856 2303 1142 2356 quaestionem
1164 2304 1335 2358 saepius
1356 2318 1451 2345 mov
1456 2315 1509 2346 et.
1577 2304 1688 2347 Nam
1713 2321 1804 2347 cum
1834 2307 1875 2347 in
1897 2307 1987 2362 ipso

72 2367 277 2410 librorum
303 2368 354 2409 de
376 2371 516 2410 anima
535 2369 654 2410 initio
681 2369 738 2423 (Ι.
773 2384 805 2410 c.
829 2373 870 2410 1.
900 2375 940 2422 ξ.
966 2372 1007 2411 7.
1035 2373 1138 2425 10.)
1167 2372 1368 2413 dixisset:
1401 2373 1602 2417 σκεπτέον
1622 2375 1667 2418 δὲ
1691 2377 1762 2418 καὶ
1784 2371 1824 2418 εἰ
1839 2392 1885 2429 μ
1878 2372 1988 2433 οιςή

70 2431 128 2493 (η
149 2432 303 2497 ψυχη)
325 2433 353 2490 ἢ
373 2432 568 2494 ἀμερὴς.
628 2467 639 2480 .
660 2467 672 2479 .
703 2440 774 2480 καὶ
799 2432 902 2480 πότε
886 2454 984 2495 ρον
1006 2440 1060 2481 τὰ
1079 2434 1211 2496 μόρια
1233 2439 1338 2483 (522⁹
1314 2448 1454 2492 ςητεῖν
1474 2444 1645 2499 πρῶτον
1665 2438 1694 2496 ἢ
1714 2459 1768 2485 τα
1790 2445 1895 2499 ἔργα
1915 2443 1990 2487 αὑ-

70 2503 176 2559 τῶν,
214 2505 309 2549 οἷον
326 2500 377 2547 τὸ
403 2508 516 2548 νοεῖν
533 2501 561 2558 ἢ
580 2501 656 2548 τὸν
673 2506 798 2585 νοῦν,
834 2506 886 2547 ad
908 2507 1086 2547 eandem
1109 2509 1399 2562 quaestionem
1420 2511 1529 2552 redit
1551 2510 1582 2552 Ι.
1604 2526 1638 2553 c.
1664 2514 1706 2552 5.
1727 2517 1766 2565 ξ.
1794 2516 1850 2554 18
1876 2525 1987 2568 sqq.:

69 2577 241 2630 λέγουσι
261 2575 308 2617 δέ
329 2589 437 2624 τινες
454 2591 500 2629 μ
493 2575 631 2632 ριςὴν
654 2570 790 2628 αὐτην
809 2571 918 2630 (τὴν
934 2575 1111 2636 ψυχὴν)
1130 2576 1257 2631 εἶναι,
1292 2579 1364 2620 καὶ
1387 2576 1504 2635 α’λλῳ
1523 2581 1603 2636 μὲν
1622 2585 1759 2635 νοεῖν,
1795 2579 1912 2636 ἄλλῳ
1943 2581 1988 2622 δὲ

197 2790 225 2833 *)
249 2788 304 2824 Cf.
329 2788 546 2829 rixamur,
573 2786 811 2835 Psyclaeologie
833 2788 887 2821 ala
921 2785 1132 2822 Wissemch.
1153 2789 1197 2825 Τ.
1225 2790 1252 2823 1.
1278 2801 1311 2835 p.
1336 2791 1377 2825 19
1402 2801 1483 2837 sqq.
