2352 3254
1053 193 1368 247 2—-

106 336 295 378 omnium
319 330 565 389 qualitatum
584 333 794 388 particeps
818 330 913 374 fieri
930 332 1066 387 possit
1089 333 1141 389 ff).
1207 330 1272 374 Ita
1304 333 1577 375 resuscitavit
1601 332 1721 376 Plato
1743 333 2050 379 Anaximandri

106 402 214 446 illud
243 400 445 459 ἄπειρον,
496 400 761 442 parmenidis
793 401 1019 442 severitate
1054 401 1141 441 iam
1176 400 1333 442 dudum
1368 399 1622 458 explosum,
1665 402 1746 444 hoc
1780 413 1922 446 tamen
1951 417 2045 446 cum

109 470 355 512 discrimine
376 469 480 510 satis
504 470 647 525 gravi,
682 478 750 521 ut,
787 483 880 510 cum
901 467 1226 510 Anaximander
1257 484 1313 510 ex
1334 484 1384 510 eo
1404 478 1604 526 tanquam
1625 475 1749 512 macco
1769 485 1908 513 rerum
1928 473 2046 526 prin·

107 539 220 592 cipio
241 538 381 578 varias
408 551 562 592 easque
592 534 675 577 sibi
705 538 923 591 oppositas
947 535 1170 592 qualitates
1193 536 1335 578 evolvi
1366 539 1564 579 statuisse
1593 538 1788 579 videatur
1800 542 1882 594 ³³),
1918 538 2043 581 Plato

107 618 276 646 omnem
302 603 550 660 qualitatem
571 603 791 645 definitam
814 603 868 644 ab
890 617 941 645 eo
968 605 1269 645 removendam
1295 617 1388 646 esse
1416 606 1600 647 doceret.
1671 605 1769 646 Hoc
1792 606 1917 646 modo
1940 615 2040 648 nata

103 681 169 713 est
189 674 304 714 notio
328 676 558 722 materiae,
595 671 691 723 τῆς
725 669 883 725 ὕλης,
922 673 1064 726 (quod
1088 685 1242 712 nomen
1263 672 1385 713 Plato
1411 672 1524 716 Tim.
1559 676 1635 714 69.
1668 687 1707 713 a.
1738 688 1813 727 per
1841 672 2038 715 similitu-

101 740 243 782 dinem
266 739 470 792 indicat,)
507 748 706 794 tanquam
729 741 844 791 eius,
880 740 991 793 quod
1026 738 1144 779 nulla
1174 739 1261 780 alia
1295 748 1396 781 nota
1425 742 1620 796 insigniri
1642 749 1806 795 potest,
1839 742 1922 781 nisi
1944 741 2040 794 hac,

100 808 245 849 inesse
278 809 318 848 ei
341 807 577 860 potentiam
607 805 820 862 (δύναμιν
850 805 960 847 Tim.
983 810 1062 848 49.
1084 809 1173 862 a.),
1207 808 1349 848 varias
1379 808 1754 849 determinationes
1784 809 1827 848 in
1859 822 1906 849 se
1935 810 2042 849 reci-

101 875 245 930 piendi
263 875 452 928 (τοίανδε
468 868 645 930 μάλιςα,
675 872 818 929 πάσης
838 872 946 918 εἶναι
966 873 1165 929 γινέσεως
1184 869 1413 932 ὑποδοχὴν
1434 873 1558 930 αὐτὸ,
1584 870 1676 919 οἷον
1695 873 1881 929 τιθήνην
1899 875 2037 932 ibid.).

238 960 458 1002 Platonem
488 961 542 1002 ad
563 960 674 1004 hanc
703 964 907 1003 materiae
937 964 1052 1003 omni
1086 961 1292 1018 qualitate
1324 964 1509 1004 carentis
1541 963 1797 1018 hypothesin
1827 978 1912 1005 non
1945 964 2038 1005 sine

100 1042 261 1085 magna
282 1028 547 1070 dubitatione
571 1030 795 1082 accedere,
831 1031 1029 1071 universa
1049 1029 1157 1079 loci,
1195 1031 1267 1085 qui
1299 1031 1341 1071 in
1365 1030 1545 1072 Timaeo
1578 1030 1660 1073 huc
1690 1033 1891 1086 pertinet,
1927 1032 2037 1072 ratio

99 1098 300 1145 ostendit3
337 1099 524 1152 queritur
540 1099 651 1138 enim
676 1099 727 1139 de
747 1098 868 1138 huius
890 1098 1076 1138 notionis
1101 1097 1345 1138 difficultate
1368 1100 1434 1153 (p.
1451 1104 1528 1140 49.
1548 1100 1627 1154 a.),
1667 1098 1913 1150 confitetur,
1942 1112 2039 1140 eam

99 1165 349 1206 somniando
371 1166 534 1220 magis,
570 1179 694 1220 quam
719 1165 945 1220 cogitando
966 1179 1088 1220 posse
1112 1166 1263 1220 attingi
1282 1165 1339 1219 (p.
1363 1168 1441 1206 52.
1463 1164 1522 1222 b.)
1546 1176 1587 1207 et
1607 1176 1886 1207 excusaturus
1914 1167 2039 1222 quasi

98 1245 172 1281 ea,
210 1231 362 1287 quibus
394 1246 529 1287 neque
561 1246 705 1273 carere
737 1246 872 1287 neque
901 1234 1063 1286 optimo
1091 1234 1182 1274 iure
1214 1234 1275 1273 uti
1307 1247 1438 1287 posse
1476 1232 1559 1274 sibi
1592 1232 1840 1285 w'debatur,
1876 1235 2037 1286 omnia,

97 1314 205 1355 quae
227 1299 279 1340 de
298 1301 476 1340 materia
496 1299 640 1351 docet,
672 1300 725 1340 ad
754 1298 885 1353 δόξαν
903 1299 1088 1355 ablegat.
1153 1300 1277 1341 Haec
1306 1315 1405 1353 eos,
1443 1302 1515 1356 qui
1541 1300 1763 1342 Platonem
1797 1300 2039 1356 sequeban-

99 1375 188 1418 tur,
225 1381 398 1408 monere
419 1375 637 1421 poterant,
674 1376 719 1408 ut
749 1377 1023 1423 quaererent,
1060 1376 1197 1409 utrum
1228 1369 1401 1409 omnino
1431 1367 1604 1409 tolerari
1634 1371 1770 1424 possit
1800 1369 1906 1410 haec
1942 1367 2039 1410 sub-

100 1435 245 1486 strati,
290 1435 400 1490 quod
435 1449 553 1475 mera
586 1444 700 1476 esset
729 1437 1016 1477 diversissima
1047 1449 1236 1491 quaeque
1267 1436 1503 1490 recipiendi
1533 1439 1747 1490 potentia,
1794 1438 1933 1485 noti0,
1983 1450 2038 1476 an

99 1503 208 1544 forte
234 1503 294 1543 ita
323 1503 462 1543 inanis
494 1503 570 1552 sit,
610 1511 655 1544 ut
687 1504 738 1545 ad
772 1502 1046 1557 explicandas
1077 1517 1215 1544 rerum
1246 1506 1503 1544 mutationes
1533 1503 1639 1544 nihil
1678 1505 1760 1544 nisi
1785 1503 2038 1545 vocabulum

98 1569 316 1626 praebeat.
395 1568 685 1611 Nihilosecius
714 1570 967 1612 Aristoteles
1001 1585 1127 1625 quum
1171 1570 1266 1611 aliis
1303 1572 1394 1612 fere
1425 1570 1621 1612 omnibus
1648 1570 1837 1612 Platonis
1868 1571 2036 1625 placitis

98 1639 353 1695 gravissime
375 1637 640 1690 adversetur,
671 1638 723 1678 de
747 1637 870 1678 huius
892 1638 1062 1693 quidem
1085 1638 1269 1679 notionis
1293 1641 1470 1680 veritate
1495 1653 1580 1679 non
1602 1639 1728 1679 modo
1753 1654 1834 1679 non
1856 1635 2038 1694 quaerit,

97 1706 196 1757 sed,
233 1719 341 1761 quae
358 1704 480 1746 Plato
513 1704 712 1747 dubitans
745 1713 1050 1760 proposuerat,
1085 1707 1237 1747 maiori
1269 1721 1363 1747 cum
1399 1706 1559 1748 fiducia
1592 1707 1634 1746 in
1662 1721 1783 1747 usum
1816 1708 2037 1747 convertit.

96 1772 146 1816 In
167 1775 367 1814 universa
388 1774 502 1814 enim
523 1787 662 1814 rerum
687 1773 941 1814 naturalium
965 1788 1040 1827 per
1060 1788 1214 1815 causas
1238 1783 1278 1815 et
1295 1776 1500 1829 principia
1518 1775 1793 1829 indagatione
1814 1776 1871 1814 ita
1890 1774 2038 1815 distin·

96 1842 188 1897 guit
210 1842 317 1882 inter
347 1841 568 1881 materiam
600 1834 761 1894 (ὕλην)
784 1851 824 1881 et
844 1842 1023 1881 formam
1045 1839 1196 1892 (εἶδος,
1227 1837 1442 1900 μορφήν),
1479 1841 1543 1882 illi
1563 1838 1613 1883 τὸ
1636 1840 1815 1895 δυνάμει
1840 1838 1900 1891 ὄν,
1938 1841 2035 1882 huic

98 1906 148 1952 τὸ
168 1907 353 1965 ἐνεργείᾳ
385 1905 437 1951 ὅν
466 1909 725 1962 respondere
755 1909 938 1959 docens,
975 1916 1020 1948 ut
1051 1910 1093 1948 in
1129 1908 1209 1949 hoc
1242 1911 1338 1963 ipso
1361 1911 1604 1950 discrimine
1627 1910 1875 1964 dogmatum
1903 1919 2038 1949 meta-

94 1975 364 2032 physicorum
388 1976 550 2017 fontem
573 1974 703 2032 longe
727 1975 984 2017 uberrimum
1016 1985 1163 2017 nactus
1194 1991 1288 2017 esse
1311 1976 1392 2017 sibi
1420 1977 1734 2031 =·ideret11r*³‘³‘).
1804 1976 1894 2017 Iam
1927 1991 2036 2028 cum,

95 2045 207 2099 quod
246 2058 339 2085 esse
369 2049 528 2098 potest,
574 2052 770 2093 eatenus,
820 2052 1030 2099 quatenus
1059 2045 1198 2085 omnis
1239 2045 1329 2085 eius
1359 2054 1510 2085 natura
1549 2047 1592 2085 in
1624 2044 1706 2085 hac
1730 2046 1825 2099 ipsa
1845 2046 2037 2100 potentia

91 2113 285 2167 ponitur,
314 2125 397 2153 non
427 2115 518 2163 rit,
553 2118 596 2153 et
616 2122 760 2154 tamen
780 2111 876 2165 hoc,
913 2112 1023 2168 quod
1044 2126 1127 2154 mm
1148 2119 1230 2161 est,
1267 2122 1467 2169 tanquam
1500 2127 1568 2155 res
1596 2117 1810 2165 existens,
1847 2126 2038 2168 oppona-

226 2319 263 2362 *)
297 2318 354 2354 ef.
383 2319 480 2352 Tim.
511 2329 545 2362 p.
571 2319 626 2352 50.
652 2327 732 2361 sqq.
766 2317 858 2361 Rep.
885 2316 932 2357 V,
961 2327 997 2360 p.
1021 2316 1241 2358 476—479‚
1274 2318 1339 2362 qui
1363 2317 1436 2350 duo
1461 2318 1556 2358 Ioci,
1600 2328 1681 2351 cum
1708 2317 1774 2350 ille
1799 2327 1924 2350 rerum
1954 2327 2036 2351 sen-

91 2376 196 2410 sibus
230 2375 461 2409 obiectarum
503 2380 693 2414 naturam,
736 2373 797 2406 hic
829 2374 1084 2417 cognitionem
1122 2378 1292 2417 spectet,
1338 2385 1378 2407 se
1410 2375 1571 2407 invicem
1605 2375 1821 2414 illustrant3
1857 2378 2036 2417 tanquam

91 2432 242 2466 vinculo
268 2433 366 2465 enim
392 2434 635 2466 continentur
662 2432 731 2472 iis,
760 2440 920 2475 quorum
945 2440 1125 2462 summam
1151 2429 1260 2463 Plato
1290 2431 1389 2464 Tim.
1416 2431 1516 2474 p.29.
1535 2441 1565 2464 c.
1591 2430 1649 2463 his
1681 2432 1806 2464 verbis
1824 2431 1983 2464 indicat:
2017 2445 2035 2465 ο

88 2491 128 2523 τί
148 2502 209 2536 περ
232 2487 315 2535 πρὸς
339 2490 466 2533 γένεσιν
485 2487 600 2531 odola,
617 2489 722 2522 τοῦτο
747 2486 833 2532 πρὸς
854 2488 945 2525 πίςιν
975 2481 1136 2529 ἀλήθεια.

225 2555 276 2600 **)
301 2555 417 2586 Arist.
446 2552 557 2597 Phys.
585 2553 614 2594 1,
637 2554 671 2586 4.
718 2553 772 2586 Cf.
798 2552 996 2590 Bmsms,
1022 2549 1166 2583 Haudb.
1194 2550 1227 2586 d.
1258 2549 1382 2584 Gesch.
1405 2551 1465 2584 der
1490 2550 1623 2584 Philas.
1655 2552 1699 2584 T.
1727 2552 1754 2584 Ι.
1781 2563 1813 2596 p.
1845 2552 1922 2584 132.

227 2624 296 2666 ***)
320 2622 531 2655 Brevitatis
551 2630 665 2654 causa
689 2620 907 2663 ablegamus
932 2619 1114 2652 lectorem
1140 2623 1293 2662 praeter
1321 2620 1479 2652 Aristot.
1514 2619 1680 2663 Metaph.
1709 2619 1772 2651 Vl.
1800 2620 1924 2659 (Vll.)
1951 2630 1983 2652 c.
2011 2619 2031 2651 3

93 2687 172 2722 sqq.
199 2678 245 2710 ad
272 2678 442 2711 Rt'rrfflu
463 2676 588 2710 Gesclt.
613 2677 674 2709 der
699 2674 791 2709 Phil.
819 2673 888 2710 Bd.
914 2675 946 2710 3.
975 2686 1009 2719 p.
1039 2677 1104 2709 127
1125 2687 1204 2720 sqq.
1230 2675 1303 2717 (ed.
1328 2678 1420 2719 pr.),
1446 2676 1516 2712 Fn.
1543 2676 1685 2715 Bri-:sin
1713 2675 1848 2708 Philus.
1875 2676 1932 2707 des
1950 2673 2035 2707 Ari-

74 2735 227 2767 ‚seoteles
254 2736 300 2768 T.
329 2735 379 2774 1.,
412 2735 444 2766 2.
466 2731 618 2765 ΑρεεΙιη.
641 2737 679 2765 et
708 2733 1097 2766 'rusa-numantiam
1127 2742 1325 2767 excursum
1359 2732 1404 2767 de
1432 2731 1488 2767 his
1515 2733 1732 2767 notionibus
1761 2733 1798 2765 in
1827 2733 1908 2766 eius
1936 2741 2033 2765 com·

87 2791 276 2825 mentario
301 2791 348 2825 ad
372 2789 528 2823 Aristot.
553 2789 597 2824 dc
624 2790 735 2823 anim.
772 2800 808 2835 p.
832 2789 1045 2823 295—322.
