2352 3254
946 163 1309 218 -18

309 320 419 365 χωιν
456 300 547 348 οἷον
575 303 618 346 ἐν
636 296 886 362 τετραγώνῳ
910 306 987 358 μὲν
1006 304 1237 358 τρίγωνον,
1275 301 1318 345 ἕν
1341 303 1585 361 αἰσθητικῷ
1609 303 1654 346 δὲ
1677 299 1727 346 τὸ
1746 301 1985 361 θρίπτικόν
1997 301 2051 360 ἢ·
2091 299 2239 350 ’011οἆ

310 376 439 417 secuti
478 373 511 412 si
553 372 845 427 phaenomena
877 370 1075 425 psychica
1118 370 1434 411 consideramus
1467 379 1666 425 tanquam
1698 373 1875 420 seriem,
1928 386 2003 426 per
2034 383 2084 410 ea
2106 369 2235 424 quasit

310 439 500 483 membra
518 450 559 480 et
579 448 811 489 momenta,
849 452 955 493 quae
988 452 1064 491 per
1095 438 1291 477 notiones
1321 438 1400 480 τοῦ
1425 436 1684 493 &prm-1205,
1720 435 1987 492 αἰσθητικοῦ
2017 448 2094 479 etc.
2124 436 2238 478 indi-¹

312 518 403 549 cata
427 516 546 558 sunt,
582 522 627 547 se
650 505 927 556 evolventem,
966 503 1196 545 relabimur
1217 507 1259 545 in
1282 505 1398 545 illam
1424 504 1742 561 ambiguitatem
1768 521 1895 560 supra
1918 507 2234 554 indicataiffiut

311 576 559 616 intermedia
581 574 704 614 huius
732 574 1042 628 progressionis
1064 572 1254 613 membra
1276 572 1411 614 relata
1435 573 1487 613 ad
1512 574 1802 616 antecedentia
1823 588 1899 628 pro
1930 582 2051 624 actu,
2081 573 2132 614 ad
2164 586 2233 613 se-

311 643 478 697 queutia
512 657 586 696 pro
619 656 734 683 mera
767 642 953 694 potentia
982 640 1177 682 habenda
1208 643 1316 689 sint3
1353 643 1388 681 si
1418 656 1518 682 vero
1542 641 1667 682 huius
1688 642 2000 698 progressionis
2023 638 2230 695 membra,

311 723 490 765 quorum
514 723 676 764 genera
695 707 945 748 Aristoteles
969 710 1227 764 experientia
1249 709 1355 751 duce
1377 723 1452 763 per
1480 706 1739 765 θρεπτικὸν,
1776 703 2039 762 αἰσθητικὸν
2067 716 2145 749 etc.
2176 709 2233 750 si·

311 776 510 833 gnificat,
549 777 782 830 cogitamus
816 783 1014 830 tanquam
1048 786 1192 827 notas,
1224 791 1299 831 per
1329 791 1456 831 quas,
1498 778 1600 832 qued
1627 782 1685 819 sec
1710 779 1874 826 anima,
1912 789 2237 832 cognoscamus,

311 846 530 884 univ-eisae
552 842 792 883 Aristotelis
815 843 1090 898 desciiptioni
1115 844 1217 884 nihil
1238 847 1362 895 inest,
1387 845 1468 884 nisi
1490 844 1591 885 hoc·
1627 845 1921 899 opponendum
1946 845 2112 899 quidem
2136 856 2232 883 esse

310 911 472 964 coipoii
497 919 692 965 tanquam
706 903 782 968 υλη
805 907 963 968 ψυχὴν,
1001 926 1109 966 quae
1131 913 1183 951 sit
1208 911 1332 952 huius
1356 913 1545 966 corporis
1567 905 1677 962 ἕῖὃος
1695 921 1734 953 et
1757 908 1806 955 τὸ
1826 915 1867 955 τί
1890 911 1942 966 ἠν
1963 909 2082 962 dvm,
2120 910 2232 950 hanc

308 988 443 1018 autem
467 978 654 1031 corpoiis
681 977 923 1031 qualitatem
949 979 1223 1030 individuam,
1258 980 1370 1020 vitae
1391 989 1431 1020 et
1456 979 1653 1020 animalis
1681 989 1720 1020 et
1743 994 1817 1033 ps)
1823 979 1966 1021 chicae
1990 992 2162 1020 causam
2192 986 2234 1018 et-

306 1046 569 1099 principium‚
605 1058 661 1085 ex
682 1046 737 1085 iis
761 1045 1033 1100 qualitatibus
1056 1061 1151 1087 esse
1174 1046 1536 1101 componendam,
1564 1062 1666 1103 quas
1690 1049 1891 1102 empirica
1915 1047 2234 1102 phaenomena-

306 1127 415 1162 rum,
439 1113 488 1152 ad
509 1114 704 1153 notiones
725 1114 986 1155 universales
1006 1115 1213 1155 sentiendi
1228 1124 1306 1156 etc.
1325 1114 1863 1167 reductorum,observatio
1878 1116 2128 1171 suppeditat.
2155 1113 2236 1161 Ita,

308 1194 403 1220 cum
422 1179 672 1220 Aristoteles
703 1195 786 1221 non
825 1191 908 1222 tam
930 1181 1091 1224 tribuat
1108 1181 1333 1223 facultates
1359 1184 1551 1234 animae,
1581 1184 1656 1224 sed
1690 1184 1874 1224 animam
1908 1185 2045 1238 ipsam
2080 1181 2233 1222 harum

305 1244 551 1288 facultatum
576 1247 919 1301 complexionem
951 1264 1040 1291 esse
1068 1251 1202 1301 dicat,
1238 1251 1353 1291 viam
1385 1251 1531 1290 stravit
1563 1252 1639 1302 iis,
1678 1252 1748 1305 qui
1773 1251 2036 1292 diversorum
2068 1251 2110 1290 in
2146 1262 2231 1293 una

308 1314 540 1368 eademque
567 1329 634 1366 re,
663 1318 800 1373 itaque
823 1319 951 1357 etiam
974 1319 1014 1357 in
1042 1317 1186 1357 anima
1211 1316 1601 1371 phaenomenorum
1624 1318 1833 1374 originem
1868 1326 1909 1359 et
1929 1319 2136 1359 rationem
2169 1318 2238 1376 itae

308 1380 517 1435 explicari
539 1396 664 1435 posse
688 1393 855 1437 putant,
890 1394 958 1433 ut,
995 1385 1074 1425 nisi
1096 1385 1148 1425 ad
1169 1384 1513 1426 scholasticorum
1545 1385 1768 1442 qualitates
1795 1385 2008 1437 occultas,
2045 1400 2102 1441 ex
2132 1383 2228 1429 Ari<

307 1448 472 1490 stotelis
499 1449 597 1492 «(’ίδει
610 1459 650 1490 et
672 1451 900 1510 e'vrehgfl'cf
925 1460 1170 1507 procreatas
1192 1452 1330 1494 redir'e
1357 1452 1513 1505 velint,
1547 1468 1639 1495 eam
1670 1451 1956 1495 diversitatem
1977 1455 2047 1494 isti
2068 1454 2136 1493 uni
2166 1452 2229 1492 rei

307 1522 443 1559 inesse
467 1516 716 1571 simpliciter
740 1529 997 1561 asseverent.
1072 1518 1193 1570 Quod
1222 1535 1321 1562 vero
1348 1529 1570 1576 praeterea
1601 1524 1726 1563 etiam
1749 1520 1855 1576 ὕλης
1886 1532 1927 1563 et
1955 1522 2116 1573 εἴδους,
2154 1520 2232 1563 δικ.

306 1581 430 1638 νάμει
460 1583 583 1634 ὄντος
619 1594 661 1625 et
695 1589 924 1645 ἑντελεχέίᾳ
953 1583 1079 1638 ὄντος
1103 1597 1322 1629 assumunt
1356 1590 1551 1630 notiones
1583 1599 1623 1631 et
1652 1592 1778 1631 istam
1804 1588 2145 1644 complexionem
2181 1601 2228 1628 se

307 1665 382 1705 per
403 1653 543 1692 varios
563 1666 814 1707 progressus
836 1655 1030 1696 evolvere
1051 1658 1191 1697 dicunt
1206 1686 1218 1706 ,
1245 1657 1287 1696 id
1308 1656 1406 1697 inde
1425 1657 1699 1711 repetendum
1721 1666 1799 1708 est,
1833 1658 1942 1710 quod
1963 1659 2089 1697 istam
2113 1669 2226 1697 com-

306 1718 552 1773 plexionem
578 1719 722 1762 nullibi
744 1723 904 1777 magis,
935 1737 1057 1778 quam
1093 1725 1134 1763 in
1157 1723 1277 1764 nobis
1297 1725 1428 1778 ipsis,
1461 1726 1684 1765 mutationi
1710 1724 1943 1766 obnoxiam
1968 1739 2062 1765 esse
2083 1723 2248 1775 obser·‚

306 1800 468 1829 vamus.
550 1786 610 1828 lta
642 1797 779 1828 autem
815 1798 1006 1831 statuens
1036 1790 1288 1832 Aristoteles
1317 1793 1482 1846 quidem
1513 1808 1564 1833 ea
1596 1793 1902 1848 disquisitionis
1933 1794 2232 1842 incitamenta,.

305 1867 411 1908 quae
445 1856 487 1894 in
520 1853 586 1895 his
608 1856 713 1909 ipsis
735 1857 974 1898 notionibus
992 1860 1054 1899 rei
1083 1873 1158 1913 per
1184 1861 1323 1899 varias
1354 1858 1582 1915 qualitates
1612 1870 1813 1915 tanquam
1845 1875 1943 1901 suas
1974 1859 2227 1915 cogitandae

305 1930 346 1961 et
379 1923 439 1961 rei
475 1931 656 1963 mutatae
686 1926 844 1976 insunt,
895 1935 935 1967 et
971 1940 1079 1981 quae
1109 1927 1237 1967 etiam
1274 1925 1514 1968 Aristotelis
1548 1927 1716 1983 placitis
1760 1928 1883 1969 tacite
1919 1927 2120 1980 subsunt,
2166 1916 2235 1968 ila„

305 1985 592 2039 abscondidit,
628 2000 672 2031 ut
702 2006 774 2045 per
796 1992 927 2033 multa
954 1993 1125 2034 saecula
1151 1993 1486 2048 metaphysicam
1514 2006 1554 2036 et
1575 1994 1917 2051 psychologiam,
1956 1997 2048 2036 eius
2077 2009 2231 2037 exem-⁷

304 2054 416 2108 plum
443 2066 652 2105 secutam,
689 2060 825 2114 magis
862 2061 904 2100 in
929 2059 1068 2102 verbis
1097 2059 1334 2117 fingendis,
1364 2076 1489 2118 quam
1520 2064 1564 2104 in
1599 2062 1843 2105 notionibus
1880 2063 2138 2119 corrigendis
2157 2076 2230 2108 oc<

306 2132 498 2177 cupatam
537 2127 860 2179 conspiciamus.

439 2257 520 2298 Sed
545 2257 648 2300 haec
669 2258 839 2301 uberius
862 2263 1053 2318 persequi
1078 2277 1159 2303 non
1183 2273 1243 2304 est
1264 2262 1391 2305 huius
1411 2263 1510 2306 loci.
1576 2264 1798 2307 scribendi
1822 2265 1990 2317 officio,
2037 2264 2233 2309 muneris*

303 2324 463 2365 ratione
492 2326 593 2366 mihi
632 2329 854 2382 imposito,
910 2332 967 2371 ita
999 2332 1246 2372 satisfacere
1279 2333 1441 2384 studui,
1492 2340 1537 2373 ut
1583 2332 1744 2385 Vobis,
1791 2332 2115 2374 Commilitones
2155 2331 2230 2372 hu-

303 2393 558 2444 manissimi,
602 2394 787 2449 aliquam
818 2399 1032 2454 cogitandi
1053 2401 1272 2441 materiem
1301 2401 1630 2456 suppeditarent.
1691 2401 1841 2458 Neque
1870 2404 1943 2451 iis,
1985 2414 2097 2457 quae
2121 2400 2226 2448 dixi,

433 2563 462 2603 ⁴)
493 2565 675 2609 Opposita.
709 2569 858 2611 regula:
899 2569 931 2601 ἐν
966 2569 1012 2612 τῷ
1042 2570 1195 2614 προτέρῳ
1221 2566 1365 2615 ὑπάρχει
1393 2568 1534 2614 δυνάμει
1564 2570 1605 2603 τὸ
1632 2571 1769 2616 ἑφεξῆς,
1802 2570 1975 2615 δυνάμεως
2000 2572 2040 2602 et
2061 2569 2226 2612 ivspyzluss

306 2615 479 2650 relationi
509 2622 540 2653 si
566 2632 635 2654 non
664 2627 801 2667 magis,
837 2630 876 2657 at
905 2635 1025 2668 aeque
1058 2625 1355 2666 accommodata,
1394 2626 1464 2659 hoc
1489 2627 1571 2660 loco
1597 2627 1684 2661 ideo
1716 2638 1788 2660 non
1819 2626 1979 2671 proponi
2001 2628 2151 2669 poterat
2175 2623 2223 2656 ab

304 2673 529 2717 Aristotele,
555 2680 727 2720 quoniam
757 2692 828 2714 non
855 2682 979 2714 ontiiia
1011 2682 1190 2714 animalia
1214 2681 1261 2714 ad
1286 2692 1414 2716 onmes
1442 2683 1544 2716 vitae
1573 2685 1758 2718 stationes
1777 2683 1973 2727 pervenire
1989 2681 2223 2726 experientia

306 2729 365 2761 vel
392 2730 500 2764 docet
526 2734 584 2767 vel
612 2735 762 2769 indicat.
