2352 3254
1256 178 1619 234 10——

345 344 450 386 quae
472 327 583 367 omni
613 339 689 366 sua
719 322 920 380 qualitate
951 331 1115 372 careat,
1151 322 1322 361 inanem
1344 320 1648 374 cogitationem
1667 325 1920 359 transvertat
1942 319 1984 359 in
2007 317 2265 360 substratum

344 412 417 453 per
436 410 480 435 sc
501 398 712 442 existens,
746 395 785 433 ei
818 392 856 432 h
859 392 928 432 nul
957 391 1045 431 scio
1079 403 1132 428 an
1169 389 1417 429 necessitate
1448 388 1624 441 quadam
1659 386 1843 438 accidat,
1884 396 1949 435 ut,
1988 388 2108 442 (cum
2139 386 2266 437 illud,

345 464 454 520 quod
477 473 537 503 est
558 461 666 512 ta,le
701 461 823 516 quale
843 468 927 509 est,
965 457 1235 498 existentiam
1255 456 1412 510 optime
1433 457 1673 509 sustineat,)
1696 453 1776 495 hoc
1796 469 1982 509 quoque,
2018 455 2126 511 quod
2151 455 2266 495 omni

346 531 545 587 qualitate
571 537 729 576 careat,
761 526 907 568 saltem
934 521 1168 579 δυναμει
1196 517 1303 567 εἶναι
1333 523 1465 570 (licatg
1501 525 1562 564 ita
1594 524 1706 564 enim
1738 522 1856 563 illius
1887 517 2168 576 ὑποκειμένου
2198 524 2265 563 in-

346 599 504 640 definiti
526 599 678 652 positio
700 595 858 636 absolvi
883 608 1008 648 posse
1031 592 1261 642 videbitur,
1290 601 1333 633 ut
1353 593 1621 648 cogitationi,
1657 591 1699 631 id
1729 591 1893 646 ali’quul
1909 589 2001 631 fierl
2015 605 2151 645 posse,
2189 590 2267 632 ob-

346 668 501 708 iectim
521 664 789 721 significatiO,
817 665 932 714 eius,
971 661 1079 717 quod
1099 658 1275 716 δυνάμει
1298 670 1386 710 est,
1417 661 1692 701 existentiam
1713 658 1949 708 involvens,
1981 658 2199 701 tribuatur.

480 754 563 794 Sed
591 762 634 793 ut
657 750 905 792 concedatur
926 748 1032 790 haec
1059 750 1168 789 inter
1192 749 1299 790 duas
1329 762 1493 797 eorum,
1530 762 1638 803 quae
1672 757 1791 799 sunt,
1829 746 1990 789 classes
2020 741 2191 801 (διττὸν
2216 742 2268 790 ὃν

347 822 471 875 Phys.
493 821 524 861 Ι.
546 836 579 861 c.
605 819 675 872 S.)
697 819 925 866 distinctio,
961 831 1085 873 quam
1115 831 1167 858 ne
1191 817 1468 858 concedamus
1490 816 1585 870 ipsa
1606 818 1719 856 notio
1741 817 1817 859 τοῦ
1839 816 1947 857 Esse
1967 824 2092 868 vetat,
2127 828 2267 855 novae

350 891 532 930 oriuntur
552 886 837 937 difficultates,
873 885 1125 941 simulatque
1156 900 1207 925 ea
1229 885 1495 925 distinctione
1526 883 1579 923 ad
1605 885 1856 924 mutationes
1886 899 2023 924 rerum
2048 882 2268 938 explican-

350 958 444 1007 das,
491 970 572 1011 qua
601 969 683 995 una
716 955 767 995 de
803 968 932 994 causa
961 955 1131 994 inventa
1162 961 1250 1004 est,
1286 954 1346 993 uti
1373 951 1648 993 voluerimus.
1717 952 1787 993 Ex
1817 948 1969 1006 quibus
2001 966 2110 992 nunc
2139 966 2266 991 unam

346 1034 504 1065 tantum
534 1036 926 1064 commemoremus.
993 1020 1233 1077 Requiritur
1256 1021 1493 1061 coniunctio
1524 1018 1758 1075 (σύνοδος)
1790 1021 1992 1061 materiae
2024 1027 2064 1060 et
2087 1019 2265 1068 formae,

345 1094 542 1133 transitus
575 1090 627 1132 ab
658 1105 733 1142 eo,
764 1091 871 1146 quod
901 1099 965 1132 est
992 1086 1193 1144 δυνάμει,
1226 1089 1277 1130 ad
1303 1089 1371 1139 id,
1406 1088 1517 1144 quod
1538 1097 1601 1129 est
1621 1090 1822 1146 ἐνεργείᾳ.
1894 1086 2022 1128 Hunc
2043 1088 2266 1128 transitum

343 1159 616 1201 Aristotelem
650 1173 725 1214 per
756 1160 968 1200 notionem
1000 1155 1198 1209 κινήσεως
1224 1156 1433 1198 latissime
1462 1166 1674 1211 patentem
1696 1154 1950 1212 significare,
1983 1157 2088 1196 satis
2119 1164 2267 1196 notum

344 1238 420 1269 est.
489 1228 572 1268 Sed
595 1229 639 1268 in
665 1227 743 1268 hac
762 1223 962 1280 κινήσεως
981 1227 1150 1267 notione
1170 1224 1410 1266 definienda
1437 1235 1478 1266 et
1504 1224 1761 1280 explicanda
1787 1238 1884 1264 eum
1909 1224 2122 1265 haesitare
2149 1223 2266 1264 vide-

342 1310 456 1344 mus,
493 1306 629 1336 utrum
659 1294 821 1347 κίνησις
837 1296 1045 1349 pertineat
1067 1293 1120 1333 ad
1151 1289 1200 1336 τὸ
1223 1290 1398 1349 δυνάμει
1419 1287 1493 1344 ὂν,
1524 1307 1575 1333 an
1604 1293 1657 1333 ad
1676 1287 1727 1335 τὸ
1748 1290 1932 1350 ἐνεργείᾳ
1955 1288 2016 1334 ὅν.
2089 1289 2185 1340 Qua
2207 1305 2266 1333 ex

342 1362 585 1405 difficultate
610 1364 670 1403 ita
689 1377 734 1403 se
757 1364 959 1411 extricat,
994 1371 1039 1403 ut
1070 1361 1176 1402 haec
1203 1361 1312 1412 duo,
1347 1375 1453 1417 quae
1474 1360 1527 1401 ad
1547 1371 1737 1402 naturam
1760 1359 2056 1415 explicandam
2083 1358 2166 1400 sibi
2191 1373 2267 1413 op-

341 1432 538 1486 ponenda
569 1446 663 1472 esse
687 1431 906 1481 docuerat,
944 1431 995 1471 ad
1027 1428 1192 1483 κίνησιν
1221 1429 1506 1470 definiendam
1538 1430 1648 1470 inter
1673 1443 1719 1469 se
1749 1430 1936 1470 misceat.
2007 1426 2129 1476 Quae
2153 1429 2265 1469 enim

341 1500 465 1553 Ρ11)5.
487 1498 560 1540 ΙΙΙ.
581 1515 616 1541 c.
641 1504 684 1540 2.
709 1503 750 1540 3.
782 1508 822 1539 et
842 1497 945 1540 Met.
967 1498 1025 1539 X.
1051 1497 1169 1552 (Xl.)
1198 1512 1233 1538 c.
1259 1502 1301 1540 9.
1321 1497 1372 1538 de
1395 1508 1509 1538 motu
1530 1512 1569 1538 111
1589 1511 1826 1538 unuersum
1854 1497 2067 1553 disputat,
2103 1511 2153 1537 eo
2175 1495 2267 1536 red·

343 1578 468 1618 eunt,
505 1581 549 1608 ut
577 1567 738 1620 κὶνησις
766 1581 861 1608 esse
893 1567 1055 1608 dicatur
1082 1585 1107 1620 η
1139 1567 1216 1608 τοῦ
1241 1564 1420 1622 δυνάμει
1449 1565 1474 1625 ᾑ
1505 1565 1705 1609 τοιοῦτον
1723 1566 1932 1622 ἐνὲογεια,
1965 1563 2150 1619 ἐνέργεια
2169 1562 2267 1606 ἀτε-

342 1635 441 1689 λῆς,
469 1632 495 1688 ἡ
518 1636 596 1678 τοῦ
615 1631 824 1682 δυνάμει
811 1631 932 1685 ὄντος
950 1632 1213 1690 ἐντελὲχεια’
1197 1631 1303 1676 όταν
1332 1634 1560 1692 ἐντεῖεχεία
1582 1629 1632 1676 ὂν
1652 1634 1764 1691 ἐνερ)
1766 1635 1815 1693 ᾗ,
1851 1627 1934 1689 οὐχ
1953 1632 1979 1692 ἡ
2002 1628 2133 1683 αὐτὸ,
2165 1629 2261 1675 ἀλλ’

341 1722 364 1764 η
392 1701 576 1756 κινητόν.
649 1702 770 1752 Quae
798 1702 984 1744 definitio
1017 1704 1053 1744 si
1086 1718 1167 1743 non
1195 1703 1235 1742 in
1269 1701 1427 1743 circulo
1456 1712 1666 1753 veis-atur,
1697 1712 1738 1743 et
1772 1702 1885 1750 eius,
1923 1701 2031 1756 quod
2063 1709 2157 1741 actu
2188 1709 2265 1751 est,

342 1774 553 1813 notionem
575 1770 797 1812 conturbat
822 1786 961 1812 merae
983 1769 1279 1825 possibilitatis
1315 1771 1527 1822 mixtura,
1562 1779 1603 1811 et
1636 1771 1728 1812 vice
1751 1784 1874 1812 versa
1900 1770 1966 1821 id,
2004 1769 2115 1825 quod
2137 1764 2268 1812 δυνά-

342 1857 407 1895 μει
427 1849 514 1891 est,
551 1840 604 1880 ad
624 1841 857 1896 ἐνέργειαν,
893 1854 974 1895 qua
997 1853 1075 1893 per
1098 1853 1144 1879 se
1166 1847 1303 1889 caret,
1341 1838 1493 1879 evehit.

481 1927 568 1967 lam
601 1929 636 1968 si
656 1927 762 1969 haec
786 1929 930 1968 omnia
953 1927 1176 1968 referimus
1197 1927 1249 1968 ad
1280 1928 1446 1967 animae
1479 1925 1769 1968 definitionem
1800 1940 1928 1981 supra
1961 1938 2266 1968 commemora-

344 2005 447 2047 tam,
480 2005 679 2050 apparet,
717 1995 987 2036 Aristotelem
1009 2010 1102 2036 eam
1126 2004 1311 2036 statuere
1337 1996 1523 2050 corporis
1545 2005 1586 2036 et
1607 1997 1773 2037 animae
1792 1994 2054 2042 relationem,
2091 2004 2135 2035 ut
2158 1993 2264 2035 haec

344 2064 610 2119 tanquamid,
633 2063 743 2119 quod
766 2072 858 2104 actu
881 2073 959 2112 est,
988 2064 1196 2104 referatur
1218 2063 1268 2103 ad
1290 2077 1439 2118 corpus
1461 2058 1637 2118 δυνάμει
1657 2060 1770 2115 ζωὴν
1791 2062 1899 2119 ἔχον.
1935 2062 2080 2118 Itaque
2102 2076 2158 2102 ex
2179 2060 2261 2102 hac

344 2134 549 2173 sententia
568 2146 717 2186 corpus
735 2146 871 2172 11111111
897 2133 1141 2187 organicum
1156 2145 1240 2173 non
1262 2145 1336 2186 per
1355 2145 1401 2172 se
1425 2129 1511 2171 tale
1530 2141 1666 2183 esset,
1703 2130 1825 2187 quale
1846 2138 1926 2182 est,
1959 2132 2032 2171 sed
2059 2128 2144 2170 tale
2169 2142 2261 2170 esse

344 2201 493 2241 dicitur
522 2209 695 2254 propter
722 2198 841 2240 illam
879 2200 1155 2256 ἐντεὶέχειαν,
1193 2214 1300 2256 quae
1321 2209 1386 2240 est
1408 2201 1563 2250 anima,
1594 2201 1653 2240 ita
1670 2209 1715 2240 ut
1738 2201 1881 2240 anima
1908 2201 1962 2239 sit
1987 2197 2169 2254 qualitas
2196 2199 2260 2238 in-

345 2267 568 2309 diuidualis
599 2265 674 2321 (τὸ
709 2266 751 2310 τί
767 2285 822 2321 ην
843 2261 968 2326 εἶναι)
992 2269 1093 2309 certi
1113 2269 1326 2309 cuiusdem
1351 2269 1562 2324 corporis,
1598 2270 1659 2308 ita
1681 2269 1853 2309 notione
1873 2277 2092 2321 percepta,
2139 2275 2183 2307 ut
2205 2266 2261 2306 si-

343 2336 429 2376 mul
453 2338 662 2378 contiueat
683 2351 826 2377 emunt
849 2336 1024 2389 1111111111,
1056 2337 1109 2377 ad
1132 2351 1234 2392 quos
1263 2351 1413 2391 corpus
1438 2336 1677 2391 adaptatum
1704 2345 1792 2388 est,
1821 2337 2003 2376 indicem
2025 2345 2066 2376 et
2089 2347 2262 2375 causam

345 2404 623 2461 (ἐντελέχεια)
638 2405 693 2457 *),
728 2419 801 2459 per
832 2419 952 2461 quam
974 2406 1103 2461 igitur
1120 2403 1219 2458 fiat,
1259 2414 1304 2446 ut
1329 2419 1479 2460 corpus
1501 2407 1643 2447 varias
1666 2406 1777 2447 vitae
1795 2405 2032 2447 functiones
2050 2417 2123 2460 per
2143 2404 2264 2443 varia

346 2560 511 2593 indicant
540 2562 662 2604 plures
692 2561 786 2600 loci,
820 2570 851 2593 e.
881 2570 917 2604 g.
946 2559 1058 2603 Phys.
1083 2559 1112 2593 1.
1137 2569 1166 2591 c.
1191 2558 1247 2600 9.,
1280 2559 1345 2592 ubi
1369 2558 1432 2602 τὴν
1456 2558 1536 2603 ὕλην
1567 2558 1647 2594 οὐκ
1678 2559 1722 2594 ὂν
1756 2558 1843 2594 κατὰ
1867 2555 2097 2604 συμβεβηκός,
2134 2553 2260 2598 ἔγγὺς

345 2617 401 2647 καὶ
434 2615 584 2648 ουσίαν
616 2630 699 2654 πως
729 2628 811 2649 esse
837 2618 1014 2661 legimus,
1045 2617 1089 2649 de
1114 2620 1209 2660 part.
1235 2617 1347 2648 anim.
1373 2616 1400 2651 1.
1427 2628 1458 2650 c.
1488 2619 1543 2658 1.,
1576 2616 1682 2661 111)Ῐῆ
1712 2616 1799 2651 κατὰ
1823 2616 1884 2659 τὴν
1907 2613 2048 2660 μορφὴν
2073 2611 2171 2659 φύσις
2194 2624 2257 2646 κυ-

343 2674 485 2717 ριωτέρα
510 2672 567 2714 τῆς
588 2671 699 2714 ὑλικῆς
724 2674 854 2718 φύσεως
879 2684 960 2707 esse
991 2673 1140 2706 dicitur.
1190 2671 1244 2707 Cf.
1270 2673 1365 2706 Met.
1392 2672 1455 2706 Vl.
1485 2674 1610 2716 (Vll.)
1639 2685 1668 2708 c.
1697 2675 1730 2708 6.

475 2729 507 2771 ²¹⁵)
540 2727 593 2760 Cf.
619 2729 708 2762 Met.
739 2731 818 2764 Vll.
846 2730 994 2773 (vill.)
1024 2740 1054 2762 c-
1082 2730 1116 2764 3.
1147 2727 1210 2761 VI·
1236 2729 1370 2774 (VH.)
1396 2741 1425 2764 c.
1452 2733 1506 2764 10.
1538 2729 1560 2774 ἢ
1582 2733 1650 2764 τῶν
1673 2730 1762 2771 ζώων
1787 2726 1877 2772 ψυχὴ
1910 2727 2040 2769 (τοῦτο
2066 2723 2131 2771 γὰρ
2157 2719 2255 2758 οὗσιά

341 2785 404 2817 '¹⁰17
426 2785 593 2829 ‘'stupf'lov)
618 2784 637 2829 ἦ
664 2785 747 2820 κατὰ
771 2786 830 2820 τὸν
855 2788 956 2831 λόγον
980 2786 1078 2821 οὐσία
1102 2788 1157 2819 καὶ
1182 2786 1222 2820 τὸ
1247 2788 1334 2826 εἶδος
1360 2789 1417 2821 καὶ
1443 2787 1482 2822 τὸ
1508 2790 1545 2821 τί
1563 2786 1602 2831 ἦν
1625 2789 1711 2821 εἶναι
1732 2786 1779 2830 τῷ
1801 2785 1943 2827 τοιούτῳ
1967 2782 2113 2827 σώματι.
2160 2780 2254 2815 lbid.
